<!DOCTYPE html>
<html>
    <head>
        <script src="/Lips-His-be-vs-Ile-Shall-Porthe-Fate-and-valings" async></script>
        <title>Fruit | Central Market - Really Into Food</title>
        <meta name="google-site-verification" content="SAyDxKYR3gTpSaI7V-7Ovbz9TXfMGk-4T53fUc45aJE"/>
        <meta charSet="utf-8"/>
        <meta name="viewport" content="initial-scale=1.0, width=device-width, maximum-scale=1"/>
        <meta name="description" content="Fruit | Central Market - Really Into Food"/>
        <meta name="author" content="Central Market"/>
        <meta property="og:type" content="website"/>
        <meta property="og:title" content="Fruit | Central Market - Really Into Food"/>
        <meta property="og:url" content="https://centralmarket.com"/>
        <meta property="og:image" content="/assets/images/cm/cm-logo-no-tag.svg"/>
        <link rel="shortcut icon" href="/assets/favicon/cm-favicon-16x16.png"/>
        <meta property="og:description" name="og:description" content="Premium Products For Your Favorite Recipes &amp; New Items To Discover Around Every Corner. Everything Is Such Premium Quality, You Could Shop Blindfolded &amp; Never Go Wrong! Acres of Produce. Aisles of Experts. Chef-Made Meals &amp; Sides. Cooking Classes."/>
        <link rel="apple-touch-icon" sizes="180x180" href="/assets/favicon/cm-apple-touch-icon.png"/>
        <link rel="icon" sizes="32x32" type="image/png" href="/assets/favicon/cm-favicon-32x32.png"/>
        <link rel="icon" sizes="16x16" type="image/png" href="/assets/favicon/cm-favicon-16x16.png"/>
        <link rel="preload" href="/fonts/SourceSansPro/SourceSansPro-Black.ttf" as="font" type="font/ttf" crossorigin="anonymous"/>
        <link rel="preload" href="/fonts/SourceSansPro/SourceSansPro-Bold.ttf" as="font" type="font/ttf" crossorigin="anonymous"/>
        <link rel="preload" href="/fonts/SourceSansPro/SourceSansPro-Regular.ttf" as="font" type="font/ttf" crossorigin="anonymous"/>
        <meta name="next-head-count" content="18"/>
        <link rel="preload" href="/_next/static/css/5714ebe18dfe1604.css" as="style"/>
        <link rel="stylesheet" href="/_next/static/css/5714ebe18dfe1604.css" data-n-g=""/>
        <noscript data-n-css=""></noscript>
        <script defer="" nomodule="" src="/_next/static/chunks/polyfills-42372ed130431b0a.js"></script>
        <script src="/_next/static/chunks/webpack-0ed8df923c8a4563.js" defer=""></script>
        <script src="/_next/static/chunks/framework-b9fa4fda25b07c36.js" defer=""></script>
        <script src="/_next/static/chunks/main-a18673cc7604d5ea.js" defer=""></script>
        <script src="/_next/static/chunks/pages/_app-daeafcf3c0166a3b.js" defer=""></script>
        <script src="/_next/static/chunks/ec5d7cc0-71eb8e920c2491dd.js" defer=""></script>
        <script src="/_next/static/chunks/5047-0bd1dc71dad58a80.js" defer=""></script>
        <script src="/_next/static/chunks/9410-a33f655fd14b597a.js" defer=""></script>
        <script src="/_next/static/chunks/3746-33c02751aff5c9d2.js" defer=""></script>
        <script src="/_next/static/chunks/7795-2e33f7d0ae6cb686.js" defer=""></script>
        <script src="/_next/static/chunks/4078-2c3e87f2e801bdb3.js" defer=""></script>
        <script src="/_next/static/chunks/2404-bcf1062e68fffae9.js" defer=""></script>
        <script src="/_next/static/chunks/pages/product-category/%5B...category%5D-56df0354e88ceeef.js" defer=""></script>
        <script src="/_next/static/iszzoEIOGz6sDkjNlNBde/_buildManifest.js" defer=""></script>
        <script src="/_next/static/iszzoEIOGz6sDkjNlNBde/_ssgManifest.js" defer=""></script>
        <style data-styled="" data-styled-version="6.1.19">
            .isLXJf {
                font-size: 16px;
                line-height: 20px;
                font-weight: 700;
                letter-spacing: normal;
                text-transform: none;
                color: #2B2B2C;
                font-style: normal;
                text-align: initial;
                display: block;
                margin: 0;
            }

            /*!sc*/
            .eWMUii {
                font-size: 14px;
                line-height: 18px;
                font-weight: 900;
                letter-spacing: normal;
                text-transform: uppercase;
                color: inherit;
                font-style: normal;
                text-align: center;
                display: block;
                margin: 0;
            }

            /*!sc*/
            .wRJrU {
                font-size: 16px;
                line-height: 20px;
                font-weight: 400;
                letter-spacing: normal;
                text-transform: none;
                color: #2B2B2C;
                font-style: normal;
                text-align: initial;
                display: block;
                margin: 0;
            }

            /*!sc*/
            .jjcwPC {
                font-size: 11px;
                line-height: 15px;
                font-weight: 700;
                letter-spacing: normal;
                text-transform: none;
                color: #2B2B2C;
                font-style: normal;
                text-align: initial;
                display: block;
                margin: 0;
            }

            /*!sc*/
            .kuTpBI {
                font-size: 14px;
                line-height: 18px;
                font-weight: 400;
                letter-spacing: normal;
                text-transform: none;
                color: #2B2B2C;
                font-style: normal;
                text-align: initial;
                display: block;
                margin: 0;
            }

            /*!sc*/
            @media (min-width: 1023px) {
                .kuTpBI {
                    font-size:16px;
                    line-height: 20px;
                    font-weight: 400;
                    letter-spacing: normal;
                    text-transform: none;
                }
            }

            /*!sc*/
            .BDGxc {
                font-size: 14px;
                line-height: 18px;
                font-weight: 700;
                letter-spacing: normal;
                text-transform: none;
                color: #2B2B2C;
                font-style: normal;
                text-align: initial;
                display: block;
                margin: 0;
            }

            /*!sc*/
            @media (min-width: 1023px) {
                .BDGxc {
                    font-size:16px;
                    line-height: 20px;
                    font-weight: 700;
                    letter-spacing: normal;
                    text-transform: none;
                }
            }

            /*!sc*/
            .imSyTu {
                font-size: 14px;
                line-height: 18px;
                font-weight: 700;
                letter-spacing: normal;
                text-transform: none;
                color: #2B2B2C;
                font-style: normal;
                text-align: initial;
                display: block;
                margin: 0;
            }

            /*!sc*/
            .kcuelo {
                font-size: 14px;
                line-height: 18px;
                font-weight: 900;
                letter-spacing: normal;
                text-transform: uppercase;
                color: #2B2B2C;
                font-style: normal;
                text-align: initial;
                display: block;
                margin: 0;
            }

            /*!sc*/
            .gbsXyt {
                font-size: 18px;
                line-height: 22px;
                font-weight: 700;
                letter-spacing: normal;
                text-transform: capitalize;
                color: #2B2B2C;
                font-style: normal;
                text-align: initial;
                display: block;
                margin: 0;
            }

            /*!sc*/
            .iaVbLh {
                font-size: 14px;
                line-height: 18px;
                font-weight: 400;
                letter-spacing: normal;
                text-transform: none;
                color: #2B2B2C;
                font-style: normal;
                text-align: initial;
                display: block;
                margin: 0;
            }

            /*!sc*/
            .gChGmD {
                font-size: 14px;
                line-height: 18px;
                font-weight: 700;
                letter-spacing: normal;
                text-transform: none;
                color: white;
                font-style: normal;
                text-align: initial;
                display: block;
                margin: 0;
            }

            /*!sc*/
            data-styled.g1[id="Typographystyled__Typography-sc-1by6236-0"] {
                content: "isLXJf,eWMUii,wRJrU,jjcwPC,kuTpBI,BDGxc,imSyTu,kcuelo,gbsXyt,iaVbLh,gChGmD,"
            }

            /*!sc*/
            .bZmixu *,.bZmixu *::before,.bZmixu *::after {
                margin: 0;
                padding: 0;
                box-sizing: border-box;
            }

            /*!sc*/
            data-styled.g2[id="GlobalStyleWrapperstyled__GlobalStyleWrapper-sc-gg5ed3-0"] {
                content: "bZmixu,"
            }

            /*!sc*/
            .PVisF {
                display: flex;
            }

            /*!sc*/
            data-styled.g3[id="Core__Flex-sc-1a2z39r-0"] {
                content: "PVisF,"
            }

            /*!sc*/
            .bqbMMy {
                cursor: pointer;
                border: none;
                background: transparent;
                padding: 0;
                margin: 0;
            }

            /*!sc*/
            data-styled.g6[id="Core__UnstyledButton-sc-1a2z39r-3"] {
                content: "bqbMMy,"
            }

            /*!sc*/
            .kiMEMp {
                display: flex;
                justify-content: center;
                align-items: center;
                border: 1px solid #FFF;
                width: fit-content;
                min-width: 16px;
                height: 16px;
                border-radius: 9999px;
                padding: 2px 4px;
                background-color: #FFF;
                border: 1px solid #005732;
            }

            /*!sc*/
            .kiMEMp * {
                color: #FFF;
            }

            /*!sc*/
            .kiMEMp * {
                color: #005732;
            }

            /*!sc*/
            data-styled.g12[id="Badgestyled__Badge-sc-ricggl-0"] {
                content: "kiMEMp,"
            }

            /*!sc*/
            .kQwbve {
                position: relative;
                display: flex;
                align-items: center;
            }

            /*!sc*/
            data-styled.g16[id="FormFieldsstyled__InputContainer-sc-16bvqcv-1"] {
                content: "kQwbve,"
            }

            /*!sc*/
            .eEKFPW {
                color: #2B2B2C;
                font-size: 16px;
                font-weight: 400;
                line-height: 20px;
                height: 36px;
                width: 100%;
                background-color: #FFF;
                border: 1px solid #D7D7D8;
                border-radius: 4px;
                padding: 0 12px;
            }

            /*!sc*/
            .eEKFPW::placeholder {
                color: #AFAFB0;
            }

            /*!sc*/
            .eEKFPW:focus {
                outline: none;
                border-color: #555556;
            }

            /*!sc*/
            .eEKFPW:disabled {
                background-color: #FFF;
            }

            /*!sc*/
            .eEKFPW:read-only {
                background-color: #F5F5F6;
            }

            /*!sc*/
            .eEKFPW[type='number']::-webkit-inner-spin-button,.eEKFPW[type='number']::-webkit-outer-spin-button {
                opacity: 1;
            }

            /*!sc*/
            data-styled.g24[id="FormFieldsstyled__Input-sc-16bvqcv-9"] {
                content: "eEKFPW,"
            }

            /*!sc*/
            .bUiYOc:link {
                display: inline-block;
                width: fit-content;
                color: #1A6847;
                border-bottom: 1px solid;
                border-color: transparent;
                text-decoration: none;
            }

            /*!sc*/
            .bUiYOc:hover {
                cursor: pointer;
                border-color: #1A6847;
            }

            /*!sc*/
            .bUiYOc:visited {
                color: #005732;
                border-color: #005732;
            }

            /*!sc*/
            .bUiYOc:active {
                outline: #5EBA8E solid 2px;
                border-radius: 4px;
                border: none;
            }

            /*!sc*/
            data-styled.g29[id="TextLinkstyled__TextLink-sc-i9deul-0"] {
                content: "bUiYOc,"
            }

            /*!sc*/
            .kzHTmh {
                display: flex;
                align-items: center;
                border-radius: 4px;
                width: fit-content;
                box-sizing: border-box;
                height: 22px;
                padding: 2px 4px;
                background-color: #F5F5F6;
            }

            /*!sc*/
            data-styled.g30[id="Tagstyled__TagWrapper-sc-yr57by-0"] {
                content: "kzHTmh,"
            }

            /*!sc*/
            .llUIwH {
                width: 100%;
            }

            /*!sc*/
            data-styled.g40[id="SearchBarstyled__SearchBar-sc-u1wa59-0"] {
                content: "llUIwH,"
            }

            /*!sc*/
            .kCcZbs {
                border-radius: 9999px;
                padding-left: 38px;
            }

            /*!sc*/
            .kCcZbs:focus {
                outline: none;
                border-color: #1A6847;
            }

            /*!sc*/
            data-styled.g41[id="SearchBarstyled__Input-sc-u1wa59-1"] {
                content: "kCcZbs,"
            }

            /*!sc*/
            .cfKSCd {
                position: absolute;
                top: 10px;
                left: 13px;
            }

            /*!sc*/
            data-styled.g42[id="SearchBarstyled__SearchButton-sc-u1wa59-2"] {
                content: "cfKSCd,"
            }

            /*!sc*/
            .dZZNzh {
                position: fixed;
                z-index: 9999;
                display: flex;
                flex-direction: column-reverse;
                gap: 16px;
                top: 24px;
                right: 24px;
            }

            /*!sc*/
            data-styled.g95[id="ToastContainerstyled__ToastContainer-sc-34i7q5-0"] {
                content: "dZZNzh,"
            }

            /*!sc*/
            .fpJMAS {
                background: white;
                position: fixed;
                top: 0px;
                left: 0px;
                width: 304px;
                height: 100%;
                box-shadow: 2px 0px 6px 0px rgba(0, 0, 0, 0.2);
                transform: translateX(-110%);
                transition: transform 0.3s ease;
                display: flex;
                flex-direction: column;
                z-index: 999;
            }

            /*!sc*/
            data-styled.g172[id="Drawerstyled__DrawerContainer-sc-1apwih8-0"] {
                content: "fpJMAS,"
            }

            /*!sc*/
            .eXTwwi {
                display: flex;
                justify-content: center;
                padding: 8px 0;
                padding: 8px 0;
            }

            /*!sc*/
            .eXTwwi::after {
                content: '';
                width: 100%;
                border-bottom: 1px solid #D7D7D8;
            }

            /*!sc*/
            data-styled.g173[id="Drawerstyled__Divider-sc-1apwih8-1"] {
                content: "eXTwwi,"
            }

            /*!sc*/
            .cDWbzq {
                background-color: black;
                opacity: 0;
                height: 100%;
                width: 100vw;
                position: fixed;
                inset: 0;
                pointer-events: none;
                transition: opacity 0.3s ease;
                z-index: 999;
            }

            /*!sc*/
            data-styled.g174[id="Drawerstyled__Overlay-sc-1apwih8-2"] {
                content: "cDWbzq,"
            }

            /*!sc*/
            .clovjG {
                overflow-y: auto;
            }

            /*!sc*/
            data-styled.g175[id="DrawerBodystyled__DrawerBody-sc-17ik5cd-0"] {
                content: "clovjG,"
            }

            /*!sc*/
            .fLUtUS {
                display: flex;
                align-items: center;
                justify-content: space-between;
                min-height: 80px;
                height: 80px;
                padding: 16px;
            }

            /*!sc*/
            data-styled.g179[id="DrawerHeaderstyled__DrawerHeader-sc-8ybfbi-0"] {
                content: "fLUtUS,"
            }

            /*!sc*/
            .ifJuhR {
                display: flex;
                flex-direction: row;
                align-items: center;
                cursor: auto;
                gap: 8px;
            }

            /*!sc*/
            data-styled.g180[id="DrawerHeaderstyled__DrawerHeaderLabel-sc-8ybfbi-1"] {
                content: "ifJuhR,"
            }

            /*!sc*/
            .eCcOtW {
                display: flex;
                flex-direction: row;
                justify-content: space-between;
                align-items: center;
                cursor: pointer;
                height: 48px;
                padding: 16px;
                gap: 8px;
                border-bottom: none;
            }

            /*!sc*/
            .eCcOtW:hover {
                background-color: #F5F5F6;
            }

            /*!sc*/
            data-styled.g182[id="DrawerMenuItemstyled__MenuItem-sc-erkfs-0"] {
                content: "eCcOtW,"
            }

            /*!sc*/
            .dfBSNI {
                color: inherit;
                text-decoration: inherit;
            }

            /*!sc*/
            data-styled.g183[id="DrawerMenuItemstyled__MenuItemLink-sc-erkfs-1"] {
                content: "dfBSNI,"
            }

            /*!sc*/
            .dFwUmO {
                display: flex;
                flex-direction: row;
                align-items: center;
                gap: 8px;
            }

            /*!sc*/
            data-styled.g184[id="DrawerMenuItemstyled__MenuItemLabel-sc-erkfs-2"] {
                content: "dFwUmO,"
            }

            /*!sc*/
            .kbatlD {
                display: flex;
                flex-direction: column;
            }

            /*!sc*/
            .kbatlD>div:last-child,.kbatlD>a:last-child>div {
                border-bottom: none;
            }

            /*!sc*/
            data-styled.g187[id="DrawerMenuItemstyled__MenuContainer-sc-erkfs-5"] {
                content: "kbatlD,"
            }

            /*!sc*/
            .dwZUkJ svg {
                width: 16px;
                height: 16px;
            }

            /*!sc*/
            data-styled.g189[id="DrawerMenuItemstyled__IconContainer-sc-erkfs-7"] {
                content: "dwZUkJ,"
            }

            /*!sc*/
            .gNfhsE {
                font-family: SourceSansPro-Bold;
                font-size: 16px;
                line-height: 20px;
                text-align: unset;
                text-transform: none;
            }

            /*!sc*/
            .dlkwpZ {
                font-family: SourceSansPro-Bold;
                font-size: 14px;
                line-height: 18px;
                text-align: unset;
                text-transform: none;
            }

            /*!sc*/
            data-styled.g205[id="sc-ba403af0-1"] {
                content: "gNfhsE,dlkwpZ,"
            }

            /*!sc*/
            .clTBeN {
                font-weight: 700;
                font-size: 14px;
                line-height: 18px;
                font-style: normal;
                text-transform: uppercase;
                font-family: 'SourceSansPro','SourceSansPro-Black','SourceSansPro-Bold';
                color: rgba(53, 53, 53, 50%);
                text-align: initial;
                cursor: inherit;
            }

            /*!sc*/
            .hzZPWi {
                font-weight: 700;
                font-size: 14px;
                line-height: 18px;
                font-style: normal;
                text-transform: uppercase;
                font-family: 'SourceSansPro','SourceSansPro-Black','SourceSansPro-Bold';
                color: #00693C;
                text-align: initial;
                cursor: pointer;
            }

            /*!sc*/
            .NdYxD {
                font-weight: 700;
                font-size: 24px;
                line-height: 28px;
                font-style: normal;
                font-family: 'SourceSansPro','SourceSansPro-Black','SourceSansPro-Bold';
                color: #303030;
                text-align: initial;
            }

            /*!sc*/
            .eHnrMD {
                font-weight: 900;
                text-transform: uppercase;
                font-size: 16px;
                line-height: 20px;
                font-style: normal;
                font-family: 'SourceSansPro','SourceSansPro-Black','SourceSansPro-Bold';
                color: #303030;
                text-align: initial;
            }

            /*!sc*/
            data-styled.g219[id="sc-e6bef5bb-0"] {
                content: "clTBeN,hzZPWi,NdYxD,eHnrMD,"
            }

            /*!sc*/
            body,button {
                color: #303030;
            }

            /*!sc*/
            input[type="text"],textarea {
                font-size: 16px;
            }

            /*!sc*/
            @media (max-width: 939px) {
                .lock-body-scroll-mobile {
                    overflow:hidden;
                    position: fixed;
                    width: 100%;
                    height: 100%;
                }
            }

            /*!sc*/
            :where([data-sonner-toaster]) {
                font-family: inherit!important;
            }

            /*!sc*/
            data-styled.g290[id="sc-global-gUftMe1"] {
                content: "sc-global-gUftMe1,"
            }

            /*!sc*/
            .bVjnts {
                display: flex;
                color: #303030;
                position: relative;
                align-items: center;
            }

            /*!sc*/
            .bVjnts input[type='checkbox'] {
                opacity: 1;
                margin: 0;
                cursor: pointer;
            }

            /*!sc*/
            .bVjnts input[disabled] {
                cursor: unset;
            }

            /*!sc*/
            data-styled.g298[id="sc-cdba3247-0"] {
                content: "bVjnts,"
            }

            /*!sc*/
            .ivhQqo {
                display: flex;
                opacity: 1;
            }

            /*!sc*/
            .ivhQqo:not(:last-child) {
                margin-bottom: 16px;
            }

            /*!sc*/
            data-styled.g300[id="sc-cdba3247-2"] {
                content: "ivhQqo,"
            }

            /*!sc*/
            .hykYGW {
                display: none;
                margin-left: 8px;
                margin-right: unset;
                margin-bottom: 4px;
                font-size: 16px;
            }

            /*!sc*/
            data-styled.g301[id="sc-cdba3247-3"] {
                content: "hykYGW,"
            }

            /*!sc*/
            .fUpsSt {
                font-weight: normal;
                margin-left: 8px;
                margin-right: unset;
            }

            /*!sc*/
            data-styled.g302[id="sc-cdba3247-4"] {
                content: "fUpsSt,"
            }

            /*!sc*/
            .jpbAJm {
                position: relative;
                display: flex;
                justify-content: center;
                align-items: center;
                flex-shrink: 0;
                margin-bottom: 0;
                margin-top: 0;
            }

            /*!sc*/
            data-styled.g304[id="sc-cdba3247-6"] {
                content: "jpbAJm,"
            }

            /*!sc*/
            .ddOggX {
                appearance: none;
                display: block;
                border-radius: 4px;
                box-sizing: border-box;
                background-repeat: no-repeat;
                background-position: center;
                cursor: pointer;
                border: 1px solid #B8B8B8;
                background-color: #FFFFFF;
                margin: 0;
                width: 24px;
                height: 24px;
                border-color: #B8B8B8;
            }

            /*!sc*/
            data-styled.g307[id="sc-cdba3247-9"] {
                content: "ddOggX,"
            }

            /*!sc*/
            .dlxCnt {
                display: flex;
            }

            /*!sc*/
            data-styled.g312[id="sc-a274c00b-0"] {
                content: "dlxCnt,"
            }

            /*!sc*/
            .cntGlN {
                transform: rotate(90deg);
            }

            /*!sc*/
            data-styled.g314[id="sc-a274c00b-2"] {
                content: "cntGlN,"
            }

            /*!sc*/
            .goNaNy {
                color: inherit;
                font-size: 14px;
                font-family: inherit;
                cursor: pointer;
                border-bottom: none;
                padding-bottom: 4px;
            }

            /*!sc*/
            data-styled.g333[id="sc-aec2bbd8-0"] {
                content: "goNaNy,"
            }

            /*!sc*/
            .fBarHU {
                display: flex;
                align-items: center;
                justify-content: center;
                cursor: pointer;
                border-radius: 4px;
                height: 44px;
                gap: 8px;
                padding: 0 12px;
                background-color: transparent;
                min-width: 54px;
                border: 2px solid transparent;
                color: #414142;
                pointer-events: initial;
            }

            /*!sc*/
            .fBarHU:focus-visible {
                outline: 2px solid #5EBA8E;
            }

            /*!sc*/
            .fBarHU:active {
                border-color: currentColor;
            }

            /*!sc*/
            .fBarHU .loader {
                border: 2px solid rgba(65, 65, 66, 0.1);
                border-top: 2px solid #414142;
            }

            /*!sc*/
            .fBarHU:not(:disabled):hover {
                background: rgba(65, 65, 66, 0.1);
            }

            /*!sc*/
            .fBarHU:disabled {
                opacity: 0.4;
                cursor: not-allowed;
            }

            /*!sc*/
            .fBarHU:focus:active {
                outline: none;
            }

            /*!sc*/
            .fBarHU:hover::after {
                border-radius: inherit;
            }

            /*!sc*/
            .fBarHU:active:hover::after {
                border-radius: calc(4px - 2px);
            }

            /*!sc*/
            .iIDAGY {
                display: flex;
                align-items: center;
                justify-content: center;
                cursor: pointer;
                border-radius: 4px;
                height: 44px;
                gap: 8px;
                padding: 0 12px;
                background-color: transparent;
                min-width: 54px;
                border: 2px solid transparent;
                color: #1A6847;
                pointer-events: initial;
            }

            /*!sc*/
            .iIDAGY:focus-visible {
                outline: 2px solid #5EBA8E;
            }

            /*!sc*/
            .iIDAGY:active {
                border-color: currentColor;
            }

            /*!sc*/
            .iIDAGY .loader {
                border: 2px solid rgba(26, 104, 71, 0.1);
                border-top: 2px solid #1A6847;
            }

            /*!sc*/
            .iIDAGY:not(:disabled):hover {
                background: rgba(26, 104, 71, 0.1);
            }

            /*!sc*/
            .iIDAGY:disabled {
                opacity: 0.4;
                cursor: not-allowed;
            }

            /*!sc*/
            .iIDAGY:focus:active {
                outline: none;
            }

            /*!sc*/
            .iIDAGY:hover::after {
                border-radius: inherit;
            }

            /*!sc*/
            .iIDAGY:active:hover::after {
                border-radius: calc(4px - 2px);
            }

            /*!sc*/
            .emDiGl {
                display: flex;
                align-items: center;
                justify-content: center;
                cursor: pointer;
                border-radius: 4px;
                height: 44px;
                gap: 8px;
                padding: 0 12px;
                border: none;
                min-width: 100px;
                position: relative;
                background-color: #00693C;
                color: #FFF;
                pointer-events: initial;
            }

            /*!sc*/
            .emDiGl:focus-visible {
                outline: 2px solid #5EBA8E;
            }

            /*!sc*/
            .emDiGl:active {
                border: 2px solid rgba(0, 0, 0, 0.3);
            }

            /*!sc*/
            .emDiGl:not(:disabled)::before {
                content: '';
                position: absolute;
                top: 0;
                left: 0;
                width: 100%;
                height: 100%;
                background-color: rgba(0, 0, 0, 0.15);
                opacity: 0;
            }

            /*!sc*/
            .emDiGl:not(:disabled):hover::before {
                opacity: 1;
            }

            /*!sc*/
            .emDiGl >* {
                position: relative;
            }

            /*!sc*/
            .emDiGl .loader {
                border: 2px solid rgba(255, 255, 255, 0.1);
                border-top: 2px solid #FFF;
            }

            /*!sc*/
            .emDiGl:disabled {
                opacity: 0.4;
                cursor: not-allowed;
            }

            /*!sc*/
            .emDiGl:focus:active {
                outline: none;
            }

            /*!sc*/
            .emDiGl:hover::after {
                border-radius: inherit;
            }

            /*!sc*/
            .emDiGl:active:hover::after {
                border-radius: calc(4px - 2px);
            }

            /*!sc*/
            .jKBZbv {
                display: flex;
                align-items: center;
                justify-content: center;
                cursor: pointer;
                border-radius: 4px;
                height: 36px;
                gap: 4px;
                padding: 0 8px;
                border: none;
                min-width: 100px;
                position: relative;
                background-color: #00693C;
                color: #FFF;
                pointer-events: initial;
            }

            /*!sc*/
            .jKBZbv:focus-visible {
                outline: 2px solid #5EBA8E;
            }

            /*!sc*/
            .jKBZbv:active {
                border: 2px solid rgba(0, 0, 0, 0.3);
            }

            /*!sc*/
            .jKBZbv:not(:disabled)::before {
                content: '';
                position: absolute;
                top: 0;
                left: 0;
                width: 100%;
                height: 100%;
                background-color: rgba(0, 0, 0, 0.15);
                opacity: 0;
            }

            /*!sc*/
            .jKBZbv:not(:disabled):hover::before {
                opacity: 1;
            }

            /*!sc*/
            .jKBZbv >* {
                position: relative;
            }

            /*!sc*/
            .jKBZbv .loader {
                border: 2px solid rgba(255, 255, 255, 0.1);
                border-top: 2px solid #FFF;
            }

            /*!sc*/
            .jKBZbv:disabled {
                opacity: 0.4;
                cursor: not-allowed;
            }

            /*!sc*/
            .jKBZbv:focus:active {
                outline: none;
            }

            /*!sc*/
            .jKBZbv:hover::after {
                border-radius: inherit;
            }

            /*!sc*/
            .jKBZbv:active:hover::after {
                border-radius: calc(4px - 2px);
            }

            /*!sc*/
            .jLZhDm {
                display: flex;
                align-items: center;
                justify-content: center;
                cursor: pointer;
                border-radius: 4px;
                height: 36px;
                gap: 4px;
                padding: 0 8px;
                background-color: transparent;
                min-width: 54px;
                border: 2px solid transparent;
                color: #1A6847;
                pointer-events: initial;
            }

            /*!sc*/
            .jLZhDm:focus-visible {
                outline: 2px solid #5EBA8E;
            }

            /*!sc*/
            .jLZhDm:active {
                border-color: currentColor;
            }

            /*!sc*/
            .jLZhDm .loader {
                border: 2px solid rgba(26, 104, 71, 0.1);
                border-top: 2px solid #1A6847;
            }

            /*!sc*/
            .jLZhDm:not(:disabled):hover {
                background: rgba(26, 104, 71, 0.1);
            }

            /*!sc*/
            .jLZhDm:disabled {
                opacity: 0.4;
                cursor: not-allowed;
            }

            /*!sc*/
            .jLZhDm:focus:active {
                outline: none;
            }

            /*!sc*/
            .jLZhDm:hover::after {
                border-radius: inherit;
            }

            /*!sc*/
            .jLZhDm:active:hover::after {
                border-radius: calc(4px - 2px);
            }

            /*!sc*/
            .hhfOhM {
                display: flex;
                align-items: center;
                justify-content: center;
                cursor: pointer;
                border-radius: 4px;
                height: 36px;
                gap: 4px;
                padding: 0 8px;
                position: relative;
                border: 1px solid currentColor;
                background-color: transparent;
                min-width: 100px;
                color: #1A6847;
                pointer-events: initial;
            }

            /*!sc*/
            .hhfOhM:focus-visible {
                outline: 2px solid #5EBA8E;
            }

            /*!sc*/
            .hhfOhM:active {
                border-width: 2px;
            }

            /*!sc*/
            .hhfOhM .loader {
                border: 2px solid rgba(26, 104, 71, 0.1);
                border-top: 2px solid #1A6847;
            }

            /*!sc*/
            .hhfOhM:not(:disabled):hover {
                background: rgba(26, 104, 71, 0.1);
            }

            /*!sc*/
            .hhfOhM:disabled {
                opacity: 0.4;
                cursor: not-allowed;
            }

            /*!sc*/
            .hhfOhM:focus:active {
                outline: none;
            }

            /*!sc*/
            .hhfOhM:hover::after {
                border-radius: inherit;
            }

            /*!sc*/
            .hhfOhM:active:hover::after {
                border-radius: calc(4px - 2px);
            }

            /*!sc*/
            .btMTpe {
                display: flex;
                align-items: center;
                justify-content: center;
                cursor: pointer;
                border-radius: 4px;
                height: 44px;
                gap: 8px;
                padding: 0 12px;
                position: relative;
                border: 1px solid currentColor;
                background-color: transparent;
                min-width: 100px;
                color: #1A6847;
                pointer-events: initial;
            }

            /*!sc*/
            .btMTpe:focus-visible {
                outline: 2px solid #5EBA8E;
            }

            /*!sc*/
            .btMTpe:active {
                border-width: 2px;
            }

            /*!sc*/
            .btMTpe .loader {
                border: 2px solid rgba(26, 104, 71, 0.1);
                border-top: 2px solid #1A6847;
            }

            /*!sc*/
            .btMTpe:not(:disabled):hover {
                background: rgba(26, 104, 71, 0.1);
            }

            /*!sc*/
            .btMTpe:disabled {
                opacity: 0.4;
                cursor: not-allowed;
            }

            /*!sc*/
            .btMTpe:focus:active {
                outline: none;
            }

            /*!sc*/
            .btMTpe:hover::after {
                border-radius: inherit;
            }

            /*!sc*/
            .btMTpe:active:hover::after {
                border-radius: calc(4px - 2px);
            }

            /*!sc*/
            .gHIais {
                display: flex;
                align-items: center;
                justify-content: center;
                cursor: pointer;
                border-radius: 4px;
                height: 44px;
                gap: 8px;
                padding: 0 12px;
                background-color: transparent;
                min-width: 54px;
                border: 2px solid transparent;
                color: #2B2B2C;
                pointer-events: initial;
            }

            /*!sc*/
            .gHIais:focus-visible {
                outline: 2px solid #5EBA8E;
            }

            /*!sc*/
            .gHIais:active {
                border-color: currentColor;
            }

            /*!sc*/
            .gHIais .loader {
                border: 2px solid rgba(43, 43, 44, 0.1);
                border-top: 2px solid #2B2B2C;
            }

            /*!sc*/
            .gHIais:not(:disabled):hover {
                background: rgba(43, 43, 44, 0.1);
            }

            /*!sc*/
            .gHIais:disabled {
                opacity: 0.4;
                cursor: not-allowed;
            }

            /*!sc*/
            .gHIais:focus:active {
                outline: none;
            }

            /*!sc*/
            .gHIais:hover::after {
                border-radius: inherit;
            }

            /*!sc*/
            .gHIais:active:hover::after {
                border-radius: calc(4px - 2px);
            }

            /*!sc*/
            data-styled.g359[id="Buttonstyled__Button-sc-17hrfrr-0"] {
                content: "fBarHU,iIDAGY,emDiGl,jKBZbv,jLZhDm,hhfOhM,btMTpe,gHIais,"
            }

            /*!sc*/
            .ecEMOD {
                border-radius: 50%;
                min-width: unset;
                height: 36px;
                width: 36px;
            }

            /*!sc*/
            .ecEMOD button,.ecEMOD span {
                line-height: 0;
            }

            /*!sc*/
            .ecEMOD:hover::before {
                border-radius: 9999px;
            }

            /*!sc*/
            data-styled.g379[id="IconButtonstyled__IconButton-sc-1v7qynf-0"] {
                content: "ecEMOD,"
            }

            /*!sc*/
            .isjpEI {
                width: 100%;
                height: 124px;
                width: 124px;
                align-self: center;
            }

            /*!sc*/
            data-styled.g416[id="sc-9d45f00f-0"] {
                content: "isjpEI,"
            }

            /*!sc*/
            .gefqin {
                display: inline-block;
                position: relative;
            }

            /*!sc*/
            data-styled.g417[id="sc-9d45f00f-1"] {
                content: "gefqin,"
            }

            /*!sc*/
            .fBmNkX {
                padding: 0;
            }

            /*!sc*/
            data-styled.g418[id="sc-dcecc41d-0"] {
                content: "fBmNkX,"
            }

            /*!sc*/
            .inacKu {
                display: flex;
                flex-direction: column;
                position: relative;
                font-size: 12px;
                border: 1px solid;
                border-radius: 4px;
                border-color: #ECECEC;
                width: 100%;
                flex-grow: 1;
                box-sizing: border-box;
                padding: 12px;
                background: #FFFFFF;
                height: 100%;
                gap: 4px;
            }

            /*!sc*/
            data-styled.g419[id="sc-dcecc41d-1"] {
                content: "inacKu,"
            }

            /*!sc*/
            .fobvDD {
                text-align: center;
                position: relative;
                display: flex;
                justify-content: center;
                align-items: center;
            }

            /*!sc*/
            data-styled.g421[id="sc-dcecc41d-3"] {
                content: "fobvDD,"
            }

            /*!sc*/
            .gAOtNW {
                display: flex;
                flex-direction: column;
                gap: 8px;
                margin-top: auto;
                height: 80px;
            }

            /*!sc*/
            data-styled.g422[id="sc-dcecc41d-4"] {
                content: "gAOtNW,"
            }

            /*!sc*/
            .laYwjn {
                display: flex;
                flex-direction: column;
                flex-grow: 1;
                gap: 4px;
            }

            /*!sc*/
            data-styled.g423[id="sc-dcecc41d-5"] {
                content: "laYwjn,"
            }

            /*!sc*/
            .jpTIke {
                height: 34px;
                width: 124px;
                display: flex;
                justify-content: center;
                align-items: center;
                z-index: 1;
                position: absolute;
                background-color: #2B2B2CB3;
                border-radius: 4px;
            }

            /*!sc*/
            data-styled.g424[id="sc-dcecc41d-6"] {
                content: "jpTIke,"
            }

            /*!sc*/
            .kSjHOg {
                position: relative;
                opacity: 1;
            }

            /*!sc*/
            .ifAyuA {
                position: relative;
                opacity: 0.3;
            }

            /*!sc*/
            data-styled.g425[id="sc-dcecc41d-7"] {
                content: "kSjHOg,ifAyuA,"
            }

            /*!sc*/
            .eHbBoZ {
                display: flex;
            }

            /*!sc*/
            data-styled.g432[id="sc-fee43095-0"] {
                content: "eHbBoZ,"
            }

            /*!sc*/
            .eXMKIX {
                text-transform: none;
                font-size: 18px;
                line-height: 18px;
                color: inherit;
            }

            /*!sc*/
            data-styled.g433[id="sc-fee43095-1"] {
                content: "eXMKIX,"
            }

            /*!sc*/
            .dCgfAJ {
                background-color: white;
                outline: none;
                border: none;
                border-radius: 4px;
                cursor: pointer;
                padding: 10px;
                background-color: #00693C;
                color: #FFFFFF;
                font-family: SourceSansPro-Black;
                font-size: 16px;
                text-transform: uppercase;
            }

            /*!sc*/
            .dCgfAJ:focus,.dCgfAJ:active,.dCgfAJ:visited {
                color: #FFFFFF;
            }

            /*!sc*/
            .dCgfAJ:focus-visible {
                box-shadow: 0 0 0 1px white,0 0 0 3px #859fe0;
            }

            /*!sc*/
            data-styled.g504[id="sc-144a0154-0"] {
                content: "dCgfAJ,"
            }

            /*!sc*/
            .fGpIXT {
                height: 40px;
                padding: 10px;
                border: 1px solid #ECECEC;
                box-sizing: border-box;
                border-radius: 4px;
                font-size: 16px;
                width: 100%;
            }

            /*!sc*/
            .fGpIXT::placeholder {
                color: #767676;
            }

            /*!sc*/
            data-styled.g529[id="sc-78648427-0"] {
                content: "fGpIXT,"
            }

            /*!sc*/
            .hpmcnD {
                position: relative;
            }

            /*!sc*/
            data-styled.g532[id="sc-78648427-3"] {
                content: "hpmcnD,"
            }

            /*!sc*/
            .fMcxAf {
                position: absolute;
                height: 100%;
                right: 0;
                border-radius: 0px 4px 4px 0px;
                padding-left: 16px;
                padding-right: 16px;
            }

            /*!sc*/
            data-styled.g533[id="sc-78648427-4"] {
                content: "fMcxAf,"
            }

            /*!sc*/
            .inPljW {
                display: flex;
                justify-content: center;
                align-items: center;
                width: 100%;
            }

            /*!sc*/
            .inPljW span {
                display: flex;
                flex-flow: row nowrap;
            }

            /*!sc*/
            data-styled.g583[id="sc-14d9bbe-0"] {
                content: "inPljW,"
            }

            /*!sc*/
            .juOpgc {
                display: flex;
                justify-content: center;
                align-items: center;
                position: relative;
                width: 100%;
            }

            /*!sc*/
            data-styled.g585[id="sc-14d9bbe-2"] {
                content: "juOpgc,"
            }

            /*!sc*/
            .heCQab {
                height: 0;
                visibility: hidden;
                position: absolute;
                bottom: 0;
            }

            /*!sc*/
            data-styled.g587[id="sc-14d9bbe-4"] {
                content: "heCQab,"
            }

            /*!sc*/
            .iDQyvk {
                position: relative;
                width: 100%;
            }

            /*!sc*/
            data-styled.g589[id="sc-14d9bbe-6"] {
                content: "iDQyvk,"
            }

            /*!sc*/
            .mflCu {
                display: flex;
                align-items: center;
                gap: 4px;
            }

            /*!sc*/
            data-styled.g593[id="sc-b8807e3a-1"] {
                content: "mflCu,"
            }

            /*!sc*/
            .bTLJEH {
                grid-column: 1/2;
                grid-row: 3/4;
                width: 100%;
                border: 1px solid #ECECEC;
                border-bottom: none;
                margin-top: 12px;
                margin-bottom: 12px;
            }

            /*!sc*/
            @media (min-width: 768px) {
                .bTLJEH {
                    grid-column:1/3;
                    grid-row: 2/3;
                }
            }

            /*!sc*/
            @media (min-width: 1024px) {
                .bTLJEH {
                    display:none;
                }
            }

            /*!sc*/
            data-styled.g597[id="sc-c6ec7b5f-0"] {
                content: "bTLJEH,"
            }

            /*!sc*/
            .buaCFA {
                background: #303030;
                font-size: 12px;
                color: #FFFFFF;
            }

            /*!sc*/
            .buaCFA a {
                background-color: transparent;
                text-decoration: none;
                color: inherit;
            }

            /*!sc*/
            @font-face {
                font-family: 'SourceSansPro';
                font-weight: normal;
                src: url('/fonts/SourceSansPro/SourceSansPro-Regular.ttf') format('truetype');
            }

            /*!sc*/
            @font-face {
                font-family: 'SourceSansPro';
                font-weight: bold;
                src: url('/fonts/SourceSansPro/SourceSansPro-Bold.ttf') format('truetype');
            }

            /*!sc*/
            @font-face {
                font-family: 'SourceSansPro-Bold';
                font-weight: normal;
                src: url('/fonts/SourceSansPro/SourceSansPro-Bold.ttf') format('truetype');
            }

            /*!sc*/
            @font-face {
                font-family: 'SourceSansPro-Black';
                font-weight: normal;
                src: url('/fonts/SourceSansPro/SourceSansPro-Black.ttf') format('truetype');
            }

            /*!sc*/
            .buaCFA * {
                box-sizing: border-box;
            }

            /*!sc*/
            .buaCFA html,.buaCFA body {
                width: 100%;
                height: 100%;
            }

            /*!sc*/
            .buaCFA button,.buaCFA input {
                border: 0;
            }

            /*!sc*/
            .buaCFA a,.buaCFA a:visited,.buaCFA a:active {
                text-decoration: none;
                color: white;
            }

            /*!sc*/
            data-styled.g598[id="sc-c6ec7b5f-1"] {
                content: "buaCFA,"
            }

            /*!sc*/
            .lmPLVa {
                display: grid;
                grid-template-columns: 100%;
                grid-column-gap: 32px;
                justify-content: space-between;
                margin: 16px;
                padding-bottom: 16px;
                text-transform: uppercase;
                border-bottom: 1px solid #ECECEC;
            }

            /*!sc*/
            @media (min-width: 768px) {
                .lmPLVa {
                    grid-template-columns:1fr 1fr;
                    grid-template-rows: lfr lfr lfr;
                    grid-column-gap: unset;
                }
            }

            /*!sc*/
            @media (min-width: 1024px) {
                .lmPLVa {
                    grid-template-columns:1fr 1fr 1fr;
                    grid-template-rows: auto;
                    gap: 16px;
                    grid-column-gap: 32px;
                    max-width: 1172px;
                    margin: 16px auto;
                    padding: 16px;
                }
            }

            /*!sc*/
            data-styled.g599[id="sc-c6ec7b5f-2"] {
                content: "lmPLVa,"
            }

            /*!sc*/
            .kfnnmj {
                font-height: 18px;
                font-size: 14px;
                display: block;
                text-transform: capitalize;
                cursor: pointer;
                margin: 16px 0px;
            }

            /*!sc*/
            data-styled.g600[id="sc-c6ec7b5f-3"] {
                content: "kfnnmj,"
            }

            /*!sc*/
            .bYULR {
                list-style-type: none;
                padding: 0;
                text-decoration: underline!important;
            }

            /*!sc*/
            data-styled.g601[id="sc-c6ec7b5f-4"] {
                content: "bYULR,"
            }

            /*!sc*/
            .jAOIwK {
                display: grid;
                grid-template-columns: 1fr 1fr;
                grid-template-rows: 1fr 1fr;
                gap: 16px;
                grid-template-areas: 'first second' 'first third';
            }

            /*!sc*/
            @media (min-width: 768px) {
                .jAOIwK {
                    grid-template-columns:repeat(3,minmax(0,1fr));
                    grid-template-rows: 1fr;
                    grid-template-areas: 'first second third';
                }
            }

            /*!sc*/
            data-styled.g602[id="sc-c6ec7b5f-5"] {
                content: "jAOIwK,"
            }

            /*!sc*/
            .lfJchM {
                grid-area: first;
            }

            /*!sc*/
            .lfJchM a {
                margin: 16px 0;
            }

            /*!sc*/
            .dzdKlC {
                grid-area: second;
            }

            /*!sc*/
            .dzdKlC a {
                margin: 16px 0;
            }

            /*!sc*/
            .ldmtiB {
                grid-area: third;
            }

            /*!sc*/
            .ldmtiB a {
                margin: 16px 0;
            }

            /*!sc*/
            data-styled.g603[id="sc-c6ec7b5f-6"] {
                content: "lfJchM,dzdKlC,ldmtiB,"
            }

            /*!sc*/
            .clLPIa {
                margin: 0;
                font-weight: bold;
                font-size: 16px;
            }

            /*!sc*/
            data-styled.g604[id="sc-c6ec7b5f-7"] {
                content: "clLPIa,"
            }

            /*!sc*/
            .lbYKgm {
                margin: 4px 0;
            }

            /*!sc*/
            data-styled.g605[id="sc-c6ec7b5f-8"] {
                content: "lbYKgm,"
            }

            /*!sc*/
            .fsiTUz {
                font-weight: bold;
                font-size: 14px;
                line-height: 1.1;
                text-transform: capitalize;
            }

            /*!sc*/
            data-styled.g606[id="sc-c6ec7b5f-9"] {
                content: "fsiTUz,"
            }

            /*!sc*/
            .ixsfqU {
                grid-area: large-details;
                text-transform: none;
                font-size: 14px;
                font-weight: bold;
                margin-bottom: 16px;
            }

            /*!sc*/
            @media (min-width: 1024px) {
                .ixsfqU {
                    width:230px;
                }
            }

            /*!sc*/
            data-styled.g607[id="sc-c6ec7b5f-10"] {
                content: "ixsfqU,"
            }

            /*!sc*/
            .cKqnoR {
                margin-right: 24px;
            }

            /*!sc*/
            data-styled.g608[id="sc-c6ec7b5f-11"] {
                content: "cKqnoR,"
            }

            /*!sc*/
            .bKArHS {
                grid-column: 1/2;
                grid-row: 2/3;
                display: flex;
                flex-flow: column nowrap;
            }

            /*!sc*/
            @media (min-width: 768px) {
                .bKArHS {
                    grid-column:2/3;
                    grid-row: 4/5;
                }
            }

            /*!sc*/
            @media (min-width: 1024px) {
                .bKArHS {
                    grid-column:1/3;
                    grid-row: 3/4;
                    flex-flow: row nowrap;
                    gap: 24px;
                }
            }

            /*!sc*/
            data-styled.g609[id="sc-4a5737ad-0"] {
                content: "bKArHS,"
            }

            /*!sc*/
            .jUJipG {
                grid-column: 1/2;
            }

            /*!sc*/
            @media (min-width: 768px) {
                .jUJipG {
                    grid-row:1/2;
                    grid-column: 1/3;
                }
            }

            /*!sc*/
            @media (min-width: 1024px) {
                .jUJipG {
                    grid-row:1/3;
                    grid-column: 1/3;
                }
            }

            /*!sc*/
            data-styled.g610[id="sc-4a5737ad-1"] {
                content: "jUJipG,"
            }

            /*!sc*/
            .goJuwc {
                margin-top: 12px;
                grid-column: 1/2;
                grid-row: 5/6;
                padding-bottom: 16px;
            }

            /*!sc*/
            @media (min-width: 768px) {
                .goJuwc {
                    margin-top:0;
                    grid-column: 1/2;
                    grid-row: 3/4;
                }
            }

            /*!sc*/
            @media (min-width: 1024px) {
                .goJuwc {
                    grid-column:3/4;
                    grid-row: 1/2;
                }
            }

            /*!sc*/
            data-styled.g611[id="sc-4a5737ad-2"] {
                content: "goJuwc,"
            }

            /*!sc*/
            .dUKXlX {
                grid-column: 1/2;
                grid-row: 1/2;
            }

            /*!sc*/
            @media (min-width: 768px) {
                .dUKXlX {
                    grid-column:2/3;
                    grid-row: 3/4;
                }
            }

            /*!sc*/
            @media (min-width: 1024px) {
                .dUKXlX {
                    grid-column:3/4;
                    grid-row: 2/3;
                }
            }

            /*!sc*/
            data-styled.g612[id="sc-4a5737ad-3"] {
                content: "dUKXlX,"
            }

            /*!sc*/
            .leSrVK {
                grid-column: 1/2;
                grid-row: 6/7;
                display: flex;
                flex-flow: row nowrap;
            }

            /*!sc*/
            @media (min-width: 768px) {
                .leSrVK {
                    grid-column:1/2;
                    grid-row: 4/5;
                }
            }

            /*!sc*/
            @media (min-width: 1024px) {
                .leSrVK {
                    grid-column:3/4;
                    grid-row: 3/4;
                }
            }

            /*!sc*/
            data-styled.g613[id="sc-4a5737ad-4"] {
                content: "leSrVK,"
            }

            /*!sc*/
            .eHHoYW {
                margin-top: 16px;
            }

            /*!sc*/
            data-styled.g614[id="sc-34b9595c-0"] {
                content: "eHHoYW,"
            }

            /*!sc*/
            .ktYIjD {
                display: flex;
                justify-content: center;
                align-items: center;
                align-self: stretch;
                flex-direction: column;
                padding-bottom: 16px;
            }

            /*!sc*/
            @media (min-width: 768px) {
                .ktYIjD {
                    flex-direction:row;
                    gap: 16px;
                }
            }

            /*!sc*/
            data-styled.g616[id="sc-d9fac61a-0"] {
                content: "ktYIjD,"
            }

            /*!sc*/
            .FUTWs {
                display: flex;
                justify-content: end;
                align-items: center;
                gap: 4px;
                border: none;
                cursor: pointer;
                padding: 0;
                margin: 0;
                text-decoration: underline!important;
                width: 146px;
            }

            /*!sc*/
            .FUTWs:link {
                display: inline-block;
                width: fit-content;
                color: #FFF;
                border-bottom: .067px solid;
                border-color: transparent;
            }

            /*!sc*/
            .FUTWs:hover {
                cursor: pointer;
                border-color: #1A6847;
            }

            /*!sc*/
            .FUTWs:active {
                outline: #5EBA8E solid 2px;
                border-radius: 4px;
                border: none;
            }

            /*!sc*/
            data-styled.g617[id="sc-d9fac61a-1"] {
                content: "FUTWs,"
            }

            /*!sc*/
            .qTJXo:link {
                color: #FFF;
                text-decoration: underline;
            }

            /*!sc*/
            data-styled.g618[id="sc-d9fac61a-2"] {
                content: "qTJXo,"
            }

            /*!sc*/
            .iKhJmN {
                position: relative;
                display: flex;
                gap: 4px;
                align-items: center;
                margin-left: -35px;
                color: #FFF;
                text-decoration: underline;
            }

            /*!sc*/
            @media (min-width: 768px) {
                .iKhJmN {
                    margin-left:-14px;
                }
            }

            /*!sc*/
            data-styled.g619[id="sc-d9fac61a-3"] {
                content: "iKhJmN,"
            }

            /*!sc*/
            .hTMmON {
                display: flex;
                justify-content: center;
                align-items: center;
                align-content: center;
                gap: 8px 16px;
                align-self: stretch;
                flex-wrap: wrap;
            }

            /*!sc*/
            @media (min-width: 768px) {
                .hTMmON {
                    order:3;
                }
            }

            /*!sc*/
            data-styled.g621[id="sc-d9fac61a-5"] {
                content: "hTMmON,"
            }

            /*!sc*/
            .jQZYLd {
                display: flex;
                justify-content: center;
                align-items: center;
                padding: 12px 0;
                color: #FFF;
            }

            /*!sc*/
            @media (min-width: 768px) {
                .jQZYLd {
                    order:1;
                    margin: 0 16px;
                }
            }

            /*!sc*/
            data-styled.g622[id="sc-d9fac61a-6"] {
                content: "jQZYLd,"
            }

            /*!sc*/
            .jQnEUB {
                order: 2;
                display: none;
                align-self: center;
            }

            /*!sc*/
            @media (min-width: 768px) {
                .jQnEUB {
                    display:block;
                }
            }

            /*!sc*/
            data-styled.g623[id="sc-d9fac61a-7"] {
                content: "jQnEUB,"
            }

            /*!sc*/
            .jnOLQi {
                position: relative;
                left: 23px;
                pointer-events: none;
            }

            /*!sc*/
            data-styled.g624[id="sc-d9fac61a-8"] {
                content: "jnOLQi,"
            }

            /*!sc*/
            .btqqaJ {
                background: #1A6847;
            }

            /*!sc*/
            data-styled.g652[id="sc-785272da-0"] {
                content: "btqqaJ,"
            }

            /*!sc*/
            .dioxOe {
                max-width: 1440px;
                margin: 0 auto;
            }

            /*!sc*/
            data-styled.g653[id="sc-785272da-1"] {
                content: "dioxOe,"
            }

            /*!sc*/
            .cEQWVO {
                height: 40px;
                display: flex;
                align-items: center;
            }

            /*!sc*/
            @media (min-width: 1023px) {
                .cEQWVO {
                    height:44px;
                    display: grid;
                    grid-template-columns: auto 1fr;
                }
            }

            /*!sc*/
            @media (min-width: 1235px) {
                .cEQWVO {
                    display:flex;
                    height: 44px;
                    padding: 0px 32px;
                    justify-content: space-between;
                }
            }

            /*!sc*/
            data-styled.g654[id="sc-785272da-2"] {
                content: "cEQWVO,"
            }

            /*!sc*/
            .gfglv {
                display: flex;
                align-items: center;
                min-width: 0;
            }

            /*!sc*/
            data-styled.g655[id="sc-785272da-3"] {
                content: "gfglv,"
            }

            /*!sc*/
            .hKYAUZ {
                display: none;
                align-items: center;
                justify-content: flex-end;
            }

            /*!sc*/
            @media (min-width: 1023px) {
                .hKYAUZ {
                    display:flex;
                }
            }

            /*!sc*/
            data-styled.g656[id="sc-785272da-4"] {
                content: "hKYAUZ,"
            }

            /*!sc*/
            .gRUesm {
                height: 32px;
                position: relative;
                gap: 0;
                border-radius: 4px;
                background: #1A6847;
            }

            /*!sc*/
            .gRUesm:active {
                border: unset;
            }

            /*!sc*/
            .gRUesm >span {
                width: 100%;
                overflow: hidden;
                text-overflow: ellipsis;
                white-space: nowrap;
                display: table-cell;
                vertical-align: middle;
                padding: 4px 0 4px 32px;
            }

            /*!sc*/
            .gRUesm >svg {
                color: #fff;
                width: 8px;
            }

            /*!sc*/
            @media (min-width: 767px) {
                .gRUesm >svg {
                    width:12px;
                }
            }

            /*!sc*/
            .gRUesm svg:first-child {
                margin-right: 4px;
            }

            /*!sc*/
            .gRUesm:before {
                background-color: unset;
            }

            /*!sc*/
            .gRUesm:hover {
                background: #1F7B54;
                cursor: pointer;
            }

            /*!sc*/
            .gRUesm:hover:before {
                background-color: unset;
            }

            /*!sc*/
            .gRUesm:hover .delivery-icon path:last-of-type {
                fill: #1F7B54;
            }

            /*!sc*/
            .gRUesm:hover .curbside-icon path:last-of-type {
                fill: #1F7B54;
            }

            /*!sc*/
            data-styled.g657[id="sc-c5c62c4f-0"] {
                content: "gRUesm,"
            }

            /*!sc*/
            .LAbGQ {
                position: absolute;
                top: 50%;
                left: 0;
                transform: translateY(-50%);
                display: flex;
                align-items: center;
            }

            /*!sc*/
            data-styled.g658[id="sc-c5c62c4f-1"] {
                content: "LAbGQ,"
            }

            /*!sc*/
            .inkWiX {
                color: #fff;
                display: inline;
                margin-right: 4px;
            }

            /*!sc*/
            data-styled.g659[id="sc-cafb0d2d-0"] {
                content: "inkWiX,"
            }

            /*!sc*/
            .bgIRsV {
                position: relative;
                margin: 0;
                padding: 0;
            }

            /*!sc*/
            data-styled.g661[id="sc-59aa67c-0"] {
                content: "bgIRsV,"
            }

            /*!sc*/
            .ewYDmb {
                display: flex;
                align-items: center;
                min-width: unset;
                border: unset;
                box-sizing: border-box;
                border-radius: 4px;
                height: 40px;
                padding: 8px 12px;
                background: #005732;
            }

            /*!sc*/
            .ewYDmb:hover {
                background: #1A6847;
            }

            /*!sc*/
            data-styled.g662[id="sc-59aa67c-1"] {
                content: "ewYDmb,"
            }

            /*!sc*/
            .hunAEI {
                display: flex;
                align-items: center;
                height: unset;
                min-width: unset;
                border: unset;
                box-sizing: border-box;
                padding: 8px 8px;
                height: 32px;
                border-radius: 4px;
                background: #1A6847;
            }

            /*!sc*/
            .hunAEI:hover {
                cursor: pointer;
            }

            /*!sc*/
            .hunAEI:hover {
                background: #1F7B54;
            }

            /*!sc*/
            data-styled.g663[id="sc-59aa67c-2"] {
                content: "hunAEI,"
            }

            /*!sc*/
            .kPgQHO {
                color: #fff;
                display: flex;
                align-items: center;
                text-transform: capitalize;
                gap: 4px;
            }

            /*!sc*/
            data-styled.g664[id="sc-59aa67c-3"] {
                content: "kPgQHO,"
            }

            /*!sc*/
            .cJgJKl {
                display: flex;
                align-items: center;
                gap: 8px;
                margin: 0;
            }

            /*!sc*/
            data-styled.g673[id="sc-387f69a4-0"] {
                content: "cJgJKl,"
            }

            /*!sc*/
            .iGJSbK {
                list-style: none;
            }

            /*!sc*/
            data-styled.g674[id="sc-387f69a4-1"] {
                content: "iGJSbK,"
            }

            /*!sc*/
            .hZftIg {
                display: flex;
                height: 32px;
                align-items: center;
                justify-content: center;
                padding: 0 8px;
            }

            /*!sc*/
            .hZftIg:hover {
                background: #1F7B54;
                border-radius: 4px;
            }

            /*!sc*/
            data-styled.g675[id="sc-387f69a4-2"] {
                content: "hZftIg,"
            }

            /*!sc*/
            .eDppTC {
                color: #fff;
            }

            /*!sc*/
            data-styled.g676[id="sc-387f69a4-3"] {
                content: "eDppTC,"
            }

            /*!sc*/
            .ioSBtl {
                background: #005732;
            }

            /*!sc*/
            data-styled.g679[id="sc-c4ab0d20-0"] {
                content: "ioSBtl,"
            }

            /*!sc*/
            .dSZdww {
                max-width: 1440px;
                margin: 0 auto;
            }

            /*!sc*/
            data-styled.g680[id="sc-c4ab0d20-1"] {
                content: "dSZdww,"
            }

            /*!sc*/
            .cEwHqu {
                display: grid;
                height: 68px;
            }

            /*!sc*/
            @media (min-width: 0px) {
                .cEwHqu {
                    grid-template-columns:auto 56px 1fr auto auto;
                    gap: 16px;
                    margin: 0 0 0 16px;
                }
            }

            /*!sc*/
            @media (min-width: 767px) {
                .cEwHqu {
                    grid-template-columns:auto minmax(0, 172px) 1fr auto auto;
                    gap: 16px;
                    margin: 0 0 0 16px;
                }
            }

            /*!sc*/
            @media (min-width: 1023px) {
                .cEwHqu {
                    height:84px;
                    grid-template-columns: 184px max-content 1fr auto auto;
                    gap: 0;
                    margin: 0;
                    padding: 0 32px;
                }
            }

            /*!sc*/
            data-styled.g681[id="sc-c4ab0d20-2"] {
                content: "cEwHqu,"
            }

            /*!sc*/
            .fgnPgd {
                display: flex;
                align-items: center;
                justify-content: center;
            }

            /*!sc*/
            data-styled.g682[id="sc-c4ab0d20-3"] {
                content: "fgnPgd,"
            }

            /*!sc*/
            .gEMQWc {
                width: 100%;
                border-radius: 4px;
                padding: 4px;
            }

            /*!sc*/
            .gEMQWc:hover {
                background: #1A6847;
            }

            /*!sc*/
            @media (min-width: 767px) {
                .gEMQWc:hover {
                    background:unset;
                }
            }

            /*!sc*/
            data-styled.g683[id="sc-c4ab0d20-4"] {
                content: "gEMQWc,"
            }

            /*!sc*/
            .ggetdC {
                display: none;
                max-width: 100%;
                height: auto;
            }

            /*!sc*/
            @media (min-width: 767px) {
                .ggetdC {
                    display:block;
                }
            }

            /*!sc*/
            data-styled.g684[id="sc-c4ab0d20-5"] {
                content: "ggetdC,"
            }

            /*!sc*/
            .dTxnOy {
                display: block;
                max-width: 100%;
                height: auto;
            }

            /*!sc*/
            @media (min-width: 767px) {
                .dTxnOy {
                    display:none;
                }
            }

            /*!sc*/
            data-styled.g685[id="sc-c4ab0d20-6"] {
                content: "dTxnOy,"
            }

            /*!sc*/
            .dMHAKZ {
                display: flex;
                align-items: center;
                position: relative;
            }

            /*!sc*/
            data-styled.g686[id="sc-675d8d81-0"] {
                content: "dMHAKZ,"
            }

            /*!sc*/
            .jQFdCG {
                width: 100%;
            }

            /*!sc*/
            .jQFdCG svg path {
                fill: #005732;
            }

            /*!sc*/
            data-styled.g688[id="sc-675d8d81-2"] {
                content: "jQFdCG,"
            }

            /*!sc*/
            .iXpYVH {
                position: fixed;
                top: 68px;
                left: 0;
                width: 100%;
                height: 100%;
                background-color: rgba(0, 0, 0, 0);
                z-index: 1041;
                pointer-events: none;
                transition: background-color 0.1s ease-in-out;
            }

            /*!sc*/
            @media (min-width: 1023px) {
                .iXpYVH {
                    top:84px;
                }
            }

            /*!sc*/
            data-styled.g691[id="sc-675d8d81-5"] {
                content: "iXpYVH,"
            }

            /*!sc*/
            .jIzmlz {
                align-items: center;
                position: relative;
                display: none;
            }

            /*!sc*/
            @media (min-width: 1023px) {
                .jIzmlz {
                    margin:0 8px 0 16px;
                    display: flex;
                }
            }

            /*!sc*/
            data-styled.g692[id="sc-cabf69d5-0"] {
                content: "jIzmlz,"
            }

            /*!sc*/
            .eLQQVR {
                background-color: #005732;
                margin: 0;
                padding: 0 8px;
                gap: 4px;
                height: 40px;
                position: relative;
                border: 0px;
                border-radius: 4px;
            }

            /*!sc*/
            .eLQQVR >span {
                position: unset;
            }

            /*!sc*/
            .eLQQVR:hover {
                background-color: #1A6847;
                cursor: pointer;
            }

            /*!sc*/
            .eLQQVR:active {
                border: unset;
            }

            /*!sc*/
            data-styled.g695[id="sc-cabf69d5-3"] {
                content: "eLQQVR,"
            }

            /*!sc*/
            .fZbigJ {
                text-transform: capitalize;
                color: #fff;
                display: flex;
                align-items: center;
                gap: 4px;
            }

            /*!sc*/
            data-styled.g696[id="sc-cabf69d5-4"] {
                content: "fZbigJ,"
            }

            /*!sc*/
            .kFPeCS {
                display: flex;
                align-items: center;
            }

            /*!sc*/
            data-styled.g697[id="sc-5b343a1e-0"] {
                content: "kFPeCS,"
            }

            /*!sc*/
            .caRNvz {
                position: relative;
                border-radius: 4px;
                padding: 8px;
            }

            /*!sc*/
            .caRNvz:before {
                background-color: unset;
            }

            /*!sc*/
            .caRNvz:hover {
                background: #1A6847;
                cursor: pointer;
            }

            /*!sc*/
            .caRNvz svg {
                height: 24px;
                width: 24px;
            }

            /*!sc*/
            data-styled.g698[id="sc-5b343a1e-1"] {
                content: "caRNvz,"
            }

            /*!sc*/
            .bKeQqW {
                position: absolute;
                top: 2px;
                right: 0;
            }

            /*!sc*/
            data-styled.g699[id="sc-5b343a1e-2"] {
                content: "bKeQqW,"
            }

            /*!sc*/
            .cwKBGP {
                align-items: center;
                display: none;
                gap: 8px;
                margin: 0 16px;
            }

            /*!sc*/
            @media (min-width: 1023px) {
                .cwKBGP {
                    display:flex;
                }
            }

            /*!sc*/
            data-styled.g700[id="sc-6ab9dbb1-0"] {
                content: "cwKBGP,"
            }

            /*!sc*/
            .ftLklv {
                min-width: unset;
                border: unset;
                display: block;
                padding: 6px;
                height: 36px;
            }

            /*!sc*/
            .ftLklv:hover {
                background: #1A6847;
            }

            /*!sc*/
            @media (min-width: 1023px) {
                .ftLklv {
                    display:none;
                }
            }

            /*!sc*/
            data-styled.g701[id="sc-7a593d54-0"] {
                content: "ftLklv,"
            }

            /*!sc*/
            .bpmfDP {
                display: flex;
                align-items: center;
            }

            /*!sc*/
            @media (min-width: 1023px) {
                .bpmfDP {
                    display:none;
                }
            }

            /*!sc*/
            data-styled.g702[id="sc-7a593d54-1"] {
                content: "bpmfDP,"
            }

            /*!sc*/
            .hXCzZb {
                height: 36px;
                width: auto;
            }

            /*!sc*/
            data-styled.g703[id="sc-32eaaff8-0"] {
                content: "hXCzZb,"
            }

            /*!sc*/
            .ctvGgE {
                position: sticky;
                top: 0;
                left: 0;
                box-shadow: 0px 0px 6px 0px rgba(0,0,0,0.04),0px 5px 18px 0px rgba(0,0,0,0.19);
                z-index: 1041;
            }

            /*!sc*/
            @media screen and (max-height: 746px) {
                .ctvGgE {
                    position:relative;
                    z-index: auto;
                }
            }

            /*!sc*/
            data-styled.g705[id="sc-6c85ff1d-1"] {
                content: "ctvGgE,"
            }

            /*!sc*/
            .bNpJqz {
                position: fixed;
                top: 128px;
                left: 0;
                width: 100%;
                height: calc(100% - 128px);
                background-color: rgba(0, 0, 0, 0);
                transition: background-color 0.3s ease-in-out;
                pointer-events: none;
                z-index: 1042;
            }

            /*!sc*/
            @media screen and (max-width: 1024px),screen and (max-height:746px) {
                .bNpJqz {
                    position:absolute;
                }
            }

            /*!sc*/
            data-styled.g706[id="sc-6c85ff1d-2"] {
                content: "bNpJqz,"
            }

            /*!sc*/
            .bTvryk {
                background-color: #FFFFFF;
                display: none;
                padding: 0 20px;
            }

            /*!sc*/
            .bTvryk ul {
                padding-left: 12px;
            }

            /*!sc*/
            .bTvryk ul li {
                list-style: none;
                margin: 16px 0;
                cursor: pointer;
            }

            /*!sc*/
            @media (min-width: 1024px) {
                .bTvryk {
                    display:block;
                }
            }

            /*!sc*/
            data-styled.g717[id="sc-93303973-0"] {
                content: "bTvryk,"
            }

            /*!sc*/
            .cPDqRv {
                display: flex;
                margin-left: -12px;
                margin-bottom: 10px;
            }

            /*!sc*/
            .cPDqVO {
                display: flex;
                margin-left: -12px;
                margin-bottom: 15px;
            }

            /*!sc*/
            data-styled.g718[id="sc-abbb0990-0"] {
                content: "cPDqRv,cPDqVO,"
            }

            /*!sc*/
            .hBDgPW {
                margin-left: 8px;
                margin-right: 8px;
                color: #F5841E;
                font-size: 24px;
                line-height: 13px;
            }

            /*!sc*/
            data-styled.g719[id="sc-abbb0990-1"] {
                content: "hBDgPW,"
            }

            /*!sc*/
            .jCoSSh {
                display: flex;
                cursor: pointer;
            }

            /*!sc*/
            data-styled.g720[id="sc-abbb0990-2"] {
                content: "jCoSSh,"
            }

            /*!sc*/
            .cEakMJ {
                margin-left: 6px;
                font-family: SourceSansPro-Bold;
                font-size: 16px;
                color: #303030;
            }

            /*!sc*/
            .cEakLv {
                margin-left: 6px;
                font-family: SourceSansPro-Bold;
                font-size: 14px;
                color: #303030;
            }

            /*!sc*/
            .iSVmEN {
                margin-left: 0px;
                font-family: SourceSansPro-Bold;
                font-size: 14px;
                color: #303030;
            }

            /*!sc*/
            .dXujRv {
                margin-left: 24px;
                font-family: SourceSansPro;
                font-size: 14px;
                color: #303030;
            }

            /*!sc*/
            data-styled.g721[id="sc-abbb0990-3"] {
                content: "cEakMJ,cEakLv,iSVmEN,dXujRv,"
            }

            /*!sc*/
            .bCQgQT {
                transform: rotate(180deg);
                align-items: flex-end;
            }

            /*!sc*/
            data-styled.g722[id="sc-abbb0990-4"] {
                content: "bCQgQT,"
            }

            /*!sc*/
            .eTyWmr {
                overflow-y: auto;
                max-height: 600px;
            }

            /*!sc*/
            data-styled.g723[id="sc-f34a744c-0"] {
                content: "eTyWmr,"
            }

            /*!sc*/
            .iwpVZ {
                display: flex;
                align-items: center;
                justify-content: left;
            }

            /*!sc*/
            data-styled.g724[id="sc-f34a744c-1"] {
                content: "iwpVZ,"
            }

            /*!sc*/
            .liYOdh {
                font-weight: 400;
                font-size: 14px;
                margin: 12px 0px;
            }

            /*!sc*/
            .liYOdh.liYOdh input {
                border-color: #767676;
            }

            /*!sc*/
            data-styled.g725[id="sc-f34a744c-2"] {
                content: "liYOdh,"
            }

            /*!sc*/
            .cfUhAJ {
                display: flex;
                justify-content: space-between;
                align-items: center;
                margin-top: 16px;
            }

            /*!sc*/
            data-styled.g726[id="sc-8501e5b1-0"] {
                content: "cfUhAJ,"
            }

            /*!sc*/
            .gUVGid {
                display: flex;
                align-items: center;
                font-size: 14px;
            }

            /*!sc*/
            data-styled.g727[id="sc-b9ef6fa7-0"] {
                content: "gUVGid,"
            }

            /*!sc*/
            .gxGToX {
                height: 10px;
                margin-left: 8px;
                margin-right: 8px;
            }

            /*!sc*/
            data-styled.g728[id="sc-b9ef6fa7-1"] {
                content: "gxGToX,"
            }

            /*!sc*/
            .himzr {
                display: flex;
            }

            /*!sc*/
            data-styled.g729[id="sc-7042f06b-0"] {
                content: "himzr,"
            }

            /*!sc*/
            .jOLhKf {
                display: inherit;
                cursor: pointer;
            }

            /*!sc*/
            @media (min-width: 1024px) {
                .jOLhKf {
                    display:none;
                }
            }

            /*!sc*/
            data-styled.g730[id="sc-73b7035-0"] {
                content: "jOLhKf,"
            }

            /*!sc*/
            .eGkFJo {
                position: relative;
                display: inline-block;
                padding: 2px;
            }

            /*!sc*/
            @media (min-width: 1024px) {
                .eGkFJo {
                    display:none;
                }
            }

            /*!sc*/
            data-styled.g731[id="sc-73b7035-1"] {
                content: "eGkFJo,"
            }

            /*!sc*/
            .ksmLxG {
                display: flex;
                gap: 10px;
            }

            /*!sc*/
            data-styled.g733[id="sc-73b7035-3"] {
                content: "ksmLxG,"
            }

            /*!sc*/
            .eVkUNU {
                padding: 0;
                width: -webkit-fill-available;
                margin: 0 auto;
                max-width: 1440px;
            }

            /*!sc*/
            @media (min-width: 1024px) {
                .eVkUNU {
                    display:grid;
                    grid-template: 1fr/250px minmax(0,1fr);
                    height: 100%;
                }

                .eVkUNU ul li {
                    list-style: none;
                }
            }

            /*!sc*/
            .eVkUNU>.content-section {
                margin: 12px 0;
            }

            /*!sc*/
            @media (min-width: 768px) {
                .eVkUNU>.content-section {
                    margin:16px 0;
                }
            }

            /*!sc*/
            data-styled.g739[id="sc-fbfc835b-0"] {
                content: "eVkUNU,"
            }

            /*!sc*/
            .dXmbfB {
                padding: 16px 16px 0px 16px;
            }

            /*!sc*/
            @media (min-width: 1023px) {
                .dXmbfB {
                    padding:24px 32px 0px 24px;
                }
            }

            /*!sc*/
            data-styled.g744[id="sc-c185672e-0"] {
                content: "dXmbfB,"
            }

            /*!sc*/
            .bCKzMD {
                display: grid;
                grid-template-columns: repeat(2,1fr);
                grid-auto-rows: max-content;
                grid-gap: 16px;
                justify-items: flex-start;
                justify-content: space-between;
            }

            /*!sc*/
            @media (min-width: 735px) {
                .bCKzMD {
                    grid-template-columns:repeat(3,1fr);
                }
            }

            /*!sc*/
            @media (min-width: 1300px) {
                .bCKzMD {
                    grid-template-columns:repeat(4,1fr);
                }
            }

            /*!sc*/
            @media (min-width: 1615px) {
                .bCKzMD {
                    grid-template-columns:repeat(5,1fr);
                }
            }

            /*!sc*/
            data-styled.g745[id="sc-c185672e-1"] {
                content: "bCKzMD,"
            }

            /*!sc*/
            .hTZcN {
                display: flex;
                flex-direction: column;
                gap: 16px;
            }

            /*!sc*/
            data-styled.g746[id="sc-c185672e-2"] {
                content: "hTZcN,"
            }

            /*!sc*/
            .bEzPxW {
                display: flex;
                flex-direction: column;
                align-items: center;
                width: 100%;
                padding-top: 8px;
            }

            /*!sc*/
            data-styled.g747[id="sc-7c5d98ef-0"] {
                content: "bEzPxW,"
            }

            /*!sc*/
            .bzdQSD {
                margin-top: 8px;
            }

            /*!sc*/
            .bzdQSD:focus {
                outline: 0;
            }

            /*!sc*/
            data-styled.g748[id="sc-7c5d98ef-1"] {
                content: "bzdQSD,"
            }

            /*!sc*/
            .PXZJw {
                width: 100%;
                padding-bottom: 16px;
            }

            /*!sc*/
            .PXZJw >span {
                color: #737374;
            }

            /*!sc*/
            data-styled.g749[id="sc-7c5d98ef-2"] {
                content: "PXZJw,"
            }

            /*!sc*/
            .kHaMnW {
                border: 1px solid currentColor!important;
            }

            /*!sc*/
            data-styled.g750[id="sc-7c5d98ef-3"] {
                content: "kHaMnW,"
            }

            /*!sc*/
            .fnBXuT {
                margin-left: -12px;
                margin-top: 32px;
            }

            /*!sc*/
            data-styled.g933[id="sc-b5c08e76-0"] {
                content: "fnBXuT,"
            }

            /*!sc*/
            .ibZEpD {
                margin-left: 8px;
                color: #00693C;
            }

            /*!sc*/
            data-styled.g935[id="sc-b5c08e76-2"] {
                content: "ibZEpD,"
            }

            /*!sc*/
            .icTLqn {
                display: flex;
                align-items: center;
                margin: 12px 0px;
            }

            /*!sc*/
            data-styled.g936[id="sc-b5c08e76-3"] {
                content: "icTLqn,"
            }

            /*!sc*/
            .iaLwXR {
                justify-content: space-between;
                padding-right: 4px;
            }

            /*!sc*/
            data-styled.g937[id="sc-b5c08e76-4"] {
                content: "iaLwXR,"
            }

            /*!sc*/
            .kOTxky {
                margin: 0px;
            }

            /*!sc*/
            data-styled.g938[id="sc-b5c08e76-5"] {
                content: "kOTxky,"
            }

            /*!sc*/
            .eLWVCG {
                margin: 16px 0px 0px 0px;
                color: #303030;
            }

            /*!sc*/
            data-styled.g939[id="sc-b5c08e76-6"] {
                content: "eLWVCG,"
            }

            /*!sc*/
            .cUNOzT {
                background-color: #FFFFFF;
                overflow: hidden;
            }

            /*!sc*/
            data-styled.g942[id="sc-7e2dba16-0"] {
                content: "cUNOzT,"
            }

            /*!sc*/
            .gkgsvt {
                min-height: 100vh;
                display: flex;
                flex-direction: column;
            }

            /*!sc*/
            .gkgsvt main {
                flex: 1;
                display: flex;
                flex-direction: column;
            }

            /*!sc*/
            data-styled.g943[id="sc-7e2dba16-1"] {
                content: "gkgsvt,"
            }

            /*!sc*/
            .cCtUCO {
                z-index: 1044;
                height: 0;
                top: 124px;
            }

            /*!sc*/
            @media (min-width: 1023px) {
                .cCtUCO {
                    top:144px;
                }
            }

            /*!sc*/
            data-styled.g944[id="sc-7e2dba16-2"] {
                content: "cCtUCO,"
            }

            /*!sc*/
        </style>
    </head>
    <body>
        <div id="__next">
            <div id="client-only-portal-root"></div>
            <div class="sc-7e2dba16-1 gkgsvt jv-pageWrapper">
                <header class="sc-6c85ff1d-1 ctvGgE">
                    <div class="sc-c4ab0d20-0 ioSBtl">
                        <div class="sc-c4ab0d20-1 dSZdww">
                            <div class="sc-c4ab0d20-2 cEwHqu CM">
                                <div class="sc-7a593d54-1 bpmfDP">
                                    <div data-testid="ui-drawer-overlay" class="Drawerstyled__Overlay-sc-1apwih8-2 cDWbzq"></div>
                                    <div data-testid="ui-drawer" class="GlobalStyleWrapperstyled__GlobalStyleWrapper-sc-gg5ed3-0 Drawerstyled__DrawerContainer-sc-1apwih8-0 bZmixu fpJMAS">
                                        <div class="DrawerHeaderstyled__DrawerHeader-sc-8ybfbi-0 fLUtUS">
                                            <div class="DrawerHeaderstyled__DrawerHeaderLabel-sc-8ybfbi-1 ifJuhR">
                                                <img src="/assets/images/cm/mobile-drawer-logo.svg" alt="mobile-drawer-image" data-testid="mobile-sidebar-logo-image" class="sc-32eaaff8-0 hXCzZb"/>
                                                <span class="Typographystyled__Typography-sc-1by6236-0 isLXJf dd-privacy-mask">Hi, 
                                                <!-- -->
                                                Andrew
                                                <!-- -->
                                                !</span>
                                            </div>
                                            <button aria-label="Close" data-testid="close-icon" class="GlobalStyleWrapperstyled__GlobalStyleWrapper-sc-gg5ed3-0 Core__Flex-sc-1a2z39r-0 Buttonstyled__Button-sc-17hrfrr-0 bZmixu PVisF fBarHU IconButtonstyled__IconButton-sc-1v7qynf-0 ecEMOD">
                                                <span color="inherit" class="Typographystyled__Typography-sc-1by6236-0 eWMUii">
                                                    <svg aria-hidden="true" focusable="false" data-prefix="fas" data-icon="xmark-large" class="svg-inline--fa fa-xmark-large " role="img" xmlns="http://www.w3.org/2000/svg" viewBox="0 0 448 512" font-size="20px" name="xmark">
                                                        <path fill="currentColor" d="M393.4 41.4c12.5-12.5 32.8-12.5 45.3 0s12.5 32.8 0 45.3L269.3 256 438.6 425.4c12.5 12.5 12.5 32.8 0 45.3s-32.8 12.5-45.3 0L224 301.3 54.6 470.6c-12.5 12.5-32.8 12.5-45.3 0s-12.5-32.8 0-45.3L178.7 256 9.4 86.6C-3.1 74.1-3.1 53.9 9.4 41.4s32.8-12.5 45.3 0L224 210.7 393.4 41.4z"></path>
                                                    </svg>
                                                </span>
                                            </button>
                                        </div>
                                        <div class="DrawerBodystyled__DrawerBody-sc-17ik5cd-0 clovjG">
                                            <div class="DrawerMenuItemstyled__MenuContainer-sc-erkfs-5 kbatlD">
                                                <a href="/my-account/my-orders" class="DrawerMenuItemstyled__MenuItemLink-sc-erkfs-1 dfBSNI">
                                                    <div class="DrawerMenuItemstyled__MenuItem-sc-erkfs-0 eCcOtW">
                                                        <div class="DrawerMenuItemstyled__MenuItemLabel-sc-erkfs-2 dFwUmO">
                                                            <div class="DrawerMenuItemstyled__IconContainer-sc-erkfs-7 dwZUkJ">
                                                                <svg aria-hidden="true" focusable="false" data-prefix="fas" data-icon="receipt" class="svg-inline--fa fa-receipt " role="img" xmlns="http://www.w3.org/2000/svg" viewBox="0 0 384 512" font-size="16px">
                                                                    <path fill="currentColor" d="M14 2.2C22.5-1.7 32.5-.3 39.6 5.8L80 40.4 120.4 5.8c9-7.7 22.3-7.7 31.2 0L192 40.4 232.4 5.8c9-7.7 22.3-7.7 31.2 0L304 40.4 344.4 5.8c7.1-6.1 17.1-7.5 25.6-3.6s14 12.4 14 21.8l0 464c0 9.4-5.5 17.9-14 21.8s-18.5 2.5-25.6-3.6L304 471.6l-40.4 34.6c-9 7.7-22.3 7.7-31.2 0L192 471.6l-40.4 34.6c-9 7.7-22.3 7.7-31.2 0L80 471.6 39.6 506.2c-7.1 6.1-17.1 7.5-25.6 3.6S0 497.4 0 488L0 24C0 14.6 5.5 6.1 14 2.2zM96 144c-8.8 0-16 7.2-16 16s7.2 16 16 16l192 0c8.8 0 16-7.2 16-16s-7.2-16-16-16L96 144zM80 352c0 8.8 7.2 16 16 16l192 0c8.8 0 16-7.2 16-16s-7.2-16-16-16L96 336c-8.8 0-16 7.2-16 16zM96 240c-8.8 0-16 7.2-16 16s7.2 16 16 16l192 0c8.8 0 16-7.2 16-16s-7.2-16-16-16L96 240z"></path>
                                                                </svg>
                                                            </div>
                                                            <span class="Typographystyled__Typography-sc-1by6236-0 wRJrU">Orders</span>
                                                        </div>
                                                    </div>
                                                </a>
                                                <a href="/my-account" class="DrawerMenuItemstyled__MenuItemLink-sc-erkfs-1 dfBSNI">
                                                    <div class="DrawerMenuItemstyled__MenuItem-sc-erkfs-0 eCcOtW">
                                                        <div class="DrawerMenuItemstyled__MenuItemLabel-sc-erkfs-2 dFwUmO">
                                                            <div class="DrawerMenuItemstyled__IconContainer-sc-erkfs-7 dwZUkJ">
                                                                <svg aria-hidden="true" focusable="false" data-prefix="fas" data-icon="user" class="svg-inline--fa fa-user " role="img" xmlns="http://www.w3.org/2000/svg" viewBox="0 0 448 512" font-size="16px">
                                                                    <path fill="currentColor" d="M224 256A128 128 0 1 0 224 0a128 128 0 1 0 0 256zm-45.7 48C79.8 304 0 383.8 0 482.3C0 498.7 13.3 512 29.7 512l388.6 0c16.4 0 29.7-13.3 29.7-29.7C448 383.8 368.2 304 269.7 304l-91.4 0z"></path>
                                                                </svg>
                                                            </div>
                                                            <span class="Typographystyled__Typography-sc-1by6236-0 wRJrU">Account</span>
                                                        </div>
                                                    </div>
                                                </a>
                                                <div class="Drawerstyled__Divider-sc-1apwih8-1 eXTwwi"></div>
                                                <div class="DrawerMenuItemstyled__MenuItem-sc-erkfs-0 eCcOtW">
                                                    <div class="DrawerMenuItemstyled__MenuItemLabel-sc-erkfs-2 dFwUmO">
                                                        <div class="DrawerMenuItemstyled__IconContainer-sc-erkfs-7 dwZUkJ">
                                                            <svg aria-hidden="true" focusable="false" data-prefix="fas" data-icon="grid" class="svg-inline--fa fa-grid " role="img" xmlns="http://www.w3.org/2000/svg" viewBox="0 0 448 512" font-size="16px">
                                                                <path fill="currentColor" d="M0 72C0 49.9 17.9 32 40 32l48 0c22.1 0 40 17.9 40 40l0 48c0 22.1-17.9 40-40 40l-48 0c-22.1 0-40-17.9-40-40L0 72zM0 232c0-22.1 17.9-40 40-40l48 0c22.1 0 40 17.9 40 40l0 48c0 22.1-17.9 40-40 40l-48 0c-22.1 0-40-17.9-40-40l0-48zM128 392l0 48c0 22.1-17.9 40-40 40l-48 0c-22.1 0-40-17.9-40-40l0-48c0-22.1 17.9-40 40-40l48 0c22.1 0 40 17.9 40 40zM160 72c0-22.1 17.9-40 40-40l48 0c22.1 0 40 17.9 40 40l0 48c0 22.1-17.9 40-40 40l-48 0c-22.1 0-40-17.9-40-40l0-48zM288 232l0 48c0 22.1-17.9 40-40 40l-48 0c-22.1 0-40-17.9-40-40l0-48c0-22.1 17.9-40 40-40l48 0c22.1 0 40 17.9 40 40zM160 392c0-22.1 17.9-40 40-40l48 0c22.1 0 40 17.9 40 40l0 48c0 22.1-17.9 40-40 40l-48 0c-22.1 0-40-17.9-40-40l0-48zM448 72l0 48c0 22.1-17.9 40-40 40l-48 0c-22.1 0-40-17.9-40-40l0-48c0-22.1 17.9-40 40-40l48 0c22.1 0 40 17.9 40 40zM320 232c0-22.1 17.9-40 40-40l48 0c22.1 0 40 17.9 40 40l0 48c0 22.1-17.9 40-40 40l-48 0c-22.1 0-40-17.9-40-40l0-48zM448 392l0 48c0 22.1-17.9 40-40 40l-48 0c-22.1 0-40-17.9-40-40l0-48c0-22.1 17.9-40 40-40l48 0c22.1 0 40 17.9 40 40z"></path>
                                                            </svg>
                                                        </div>
                                                        <span class="Typographystyled__Typography-sc-1by6236-0 wRJrU">Departments</span>
                                                    </div>
                                                    <svg aria-hidden="true" focusable="false" data-prefix="fas" data-icon="chevron-right" class="svg-inline--fa fa-chevron-right " role="img" xmlns="http://www.w3.org/2000/svg" viewBox="0 0 320 512" font-size="16px" name="chevron-right" color="#1A6847">
                                                        <path fill="currentColor" d="M310.6 233.4c12.5 12.5 12.5 32.8 0 45.3l-192 192c-12.5 12.5-32.8 12.5-45.3 0s-12.5-32.8 0-45.3L242.7 256 73.4 86.6c-12.5-12.5-12.5-32.8 0-45.3s32.8-12.5 45.3 0l192 192z"></path>
                                                    </svg>
                                                </div>
                                                <a href="/my-account/buy-again" class="DrawerMenuItemstyled__MenuItemLink-sc-erkfs-1 dfBSNI">
                                                    <div class="DrawerMenuItemstyled__MenuItem-sc-erkfs-0 eCcOtW">
                                                        <div class="DrawerMenuItemstyled__MenuItemLabel-sc-erkfs-2 dFwUmO">
                                                            <div class="DrawerMenuItemstyled__IconContainer-sc-erkfs-7 dwZUkJ">
                                                                <svg aria-hidden="true" focusable="false" data-prefix="fas" data-icon="clock-rotate-left" class="svg-inline--fa fa-clock-rotate-left " role="img" xmlns="http://www.w3.org/2000/svg" viewBox="0 0 512 512" font-size="16px">
                                                                    <path fill="currentColor" d="M75 75L41 41C25.9 25.9 0 36.6 0 57.9L0 168c0 13.3 10.7 24 24 24l110.1 0c21.4 0 32.1-25.9 17-41l-30.8-30.8C155 85.5 203 64 256 64c106 0 192 86 192 192s-86 192-192 192c-40.8 0-78.6-12.7-109.7-34.4c-14.5-10.1-34.4-6.6-44.6 7.9s-6.6 34.4 7.9 44.6C151.2 495 201.7 512 256 512c141.4 0 256-114.6 256-256S397.4 0 256 0C185.3 0 121.3 28.7 75 75zm181 53c-13.3 0-24 10.7-24 24l0 104c0 6.4 2.5 12.5 7 17l72 72c9.4 9.4 24.6 9.4 33.9 0s9.4-24.6 0-33.9l-65-65 0-94.1c0-13.3-10.7-24-24-24z"></path>
                                                                </svg>
                                                            </div>
                                                            <span class="Typographystyled__Typography-sc-1by6236-0 wRJrU">Buy Again</span>
                                                        </div>
                                                    </div>
                                                </a>
                                                <a href="/weekly-savor" class="DrawerMenuItemstyled__MenuItemLink-sc-erkfs-1 dfBSNI">
                                                    <div class="DrawerMenuItemstyled__MenuItem-sc-erkfs-0 eCcOtW">
                                                        <div class="DrawerMenuItemstyled__MenuItemLabel-sc-erkfs-2 dFwUmO">
                                                            <div class="DrawerMenuItemstyled__IconContainer-sc-erkfs-7 dwZUkJ">
                                                                <svg aria-hidden="true" focusable="false" data-prefix="fas" data-icon="tag" class="svg-inline--fa fa-tag " role="img" xmlns="http://www.w3.org/2000/svg" viewBox="0 0 448 512" font-size="16px">
                                                                    <path fill="currentColor" d="M0 80L0 229.5c0 17 6.7 33.3 18.7 45.3l176 176c25 25 65.5 25 90.5 0L418.7 317.3c25-25 25-65.5 0-90.5l-176-176c-12-12-28.3-18.7-45.3-18.7L48 32C21.5 32 0 53.5 0 80zm112 32a32 32 0 1 1 0 64 32 32 0 1 1 0-64z"></path>
                                                                </svg>
                                                            </div>
                                                            <span class="Typographystyled__Typography-sc-1by6236-0 wRJrU">Weekly Savor</span>
                                                        </div>
                                                    </div>
                                                </a>
                                                <a href="/digital-offers" class="DrawerMenuItemstyled__MenuItemLink-sc-erkfs-1 dfBSNI">
                                                    <div class="DrawerMenuItemstyled__MenuItem-sc-erkfs-0 eCcOtW">
                                                        <div class="DrawerMenuItemstyled__MenuItemLabel-sc-erkfs-2 dFwUmO">
                                                            <div class="DrawerMenuItemstyled__IconContainer-sc-erkfs-7 dwZUkJ">
                                                                <svg aria-hidden="true" focusable="false" data-prefix="fas" data-icon="star" class="svg-inline--fa fa-star " role="img" xmlns="http://www.w3.org/2000/svg" viewBox="0 0 576 512" font-size="16px">
                                                                    <path fill="currentColor" d="M316.9 18C311.6 7 300.4 0 288.1 0s-23.4 7-28.8 18L195 150.3 51.4 171.5c-12 1.8-22 10.2-25.7 21.7s-.7 24.2 7.9 32.7L137.8 329 113.2 474.7c-2 12 3 24.2 12.9 31.3s23 8 33.8 2.3l128.3-68.5 128.3 68.5c10.8 5.7 23.9 4.9 33.8-2.3s14.9-19.3 12.9-31.3L438.5 329 542.7 225.9c8.6-8.5 11.7-21.2 7.9-32.7s-13.7-19.9-25.7-21.7L381.2 150.3 316.9 18z"></path>
                                                                </svg>
                                                            </div>
                                                            <span class="Typographystyled__Typography-sc-1by6236-0 wRJrU">Digital Offers</span>
                                                        </div>
                                                    </div>
                                                </a>
                                                <a href="/recipes/browse" class="DrawerMenuItemstyled__MenuItemLink-sc-erkfs-1 dfBSNI">
                                                    <div class="DrawerMenuItemstyled__MenuItem-sc-erkfs-0 eCcOtW">
                                                        <div class="DrawerMenuItemstyled__MenuItemLabel-sc-erkfs-2 dFwUmO">
                                                            <div class="DrawerMenuItemstyled__IconContainer-sc-erkfs-7 dwZUkJ">
                                                                <svg aria-hidden="true" focusable="false" data-prefix="fas" data-icon="utensils" class="svg-inline--fa fa-utensils " role="img" xmlns="http://www.w3.org/2000/svg" viewBox="0 0 448 512" font-size="16px">
                                                                    <path fill="currentColor" d="M416 0C400 0 288 32 288 176l0 112c0 35.3 28.7 64 64 64l32 0 0 128c0 17.7 14.3 32 32 32s32-14.3 32-32l0-128 0-112 0-208c0-17.7-14.3-32-32-32zM64 16C64 7.8 57.9 1 49.7 .1S34.2 4.6 32.4 12.5L2.1 148.8C.7 155.1 0 161.5 0 167.9c0 45.9 35.1 83.6 80 87.7L80 480c0 17.7 14.3 32 32 32s32-14.3 32-32l0-224.4c44.9-4.1 80-41.8 80-87.7c0-6.4-.7-12.8-2.1-19.1L191.6 12.5c-1.8-8-9.3-13.3-17.4-12.4S160 7.8 160 16l0 134.2c0 5.4-4.4 9.8-9.8 9.8c-5.1 0-9.3-3.9-9.8-9L127.9 14.6C127.2 6.3 120.3 0 112 0s-15.2 6.3-15.9 14.6L83.7 151c-.5 5.1-4.7 9-9.8 9c-5.4 0-9.8-4.4-9.8-9.8L64 16zm48.3 152l-.3 0-.3 0 .3-.7 .3 .7z"></path>
                                                                </svg>
                                                            </div>
                                                            <span class="Typographystyled__Typography-sc-1by6236-0 wRJrU">Recipes</span>
                                                        </div>
                                                    </div>
                                                </a>
                                                <a href="/lists" class="DrawerMenuItemstyled__MenuItemLink-sc-erkfs-1 dfBSNI">
                                                    <div class="DrawerMenuItemstyled__MenuItem-sc-erkfs-0 eCcOtW">
                                                        <div class="DrawerMenuItemstyled__MenuItemLabel-sc-erkfs-2 dFwUmO">
                                                            <div class="DrawerMenuItemstyled__IconContainer-sc-erkfs-7 dwZUkJ">
                                                                <svg aria-hidden="true" focusable="false" data-prefix="fas" data-icon="list" class="svg-inline--fa fa-list " role="img" xmlns="http://www.w3.org/2000/svg" viewBox="0 0 512 512" font-size="16px">
                                                                    <path fill="currentColor" d="M40 48C26.7 48 16 58.7 16 72l0 48c0 13.3 10.7 24 24 24l48 0c13.3 0 24-10.7 24-24l0-48c0-13.3-10.7-24-24-24L40 48zM192 64c-17.7 0-32 14.3-32 32s14.3 32 32 32l288 0c17.7 0 32-14.3 32-32s-14.3-32-32-32L192 64zm0 160c-17.7 0-32 14.3-32 32s14.3 32 32 32l288 0c17.7 0 32-14.3 32-32s-14.3-32-32-32l-288 0zm0 160c-17.7 0-32 14.3-32 32s14.3 32 32 32l288 0c17.7 0 32-14.3 32-32s-14.3-32-32-32l-288 0zM16 232l0 48c0 13.3 10.7 24 24 24l48 0c13.3 0 24-10.7 24-24l0-48c0-13.3-10.7-24-24-24l-48 0c-13.3 0-24 10.7-24 24zM40 368c-13.3 0-24 10.7-24 24l0 48c0 13.3 10.7 24 24 24l48 0c13.3 0 24-10.7 24-24l0-48c0-13.3-10.7-24-24-24l-48 0z"></path>
                                                                </svg>
                                                            </div>
                                                            <span class="Typographystyled__Typography-sc-1by6236-0 wRJrU">Lists</span>
                                                        </div>
                                                    </div>
                                                </a>
                                                <div class="Drawerstyled__Divider-sc-1apwih8-1 eXTwwi"></div>
                                                <a href="/catering" class="DrawerMenuItemstyled__MenuItemLink-sc-erkfs-1 dfBSNI">
                                                    <div class="DrawerMenuItemstyled__MenuItem-sc-erkfs-0 eCcOtW">
                                                        <div class="DrawerMenuItemstyled__MenuItemLabel-sc-erkfs-2 dFwUmO">
                                                            <div class="DrawerMenuItemstyled__IconContainer-sc-erkfs-7 dwZUkJ">
                                                                <svg aria-hidden="true" focusable="false" data-prefix="fas" data-icon="sandwich" class="svg-inline--fa fa-sandwich " role="img" xmlns="http://www.w3.org/2000/svg" viewBox="0 0 512 512" font-size="16px">
                                                                    <path fill="currentColor" d="M0 96C0 78.3 14.3 64 32 64l448 0c17.7 0 32 14.3 32 32l0 48c0 17.7-14.3 32-32 32L32 176c-17.7 0-32-14.3-32-32L0 96zM303.9 382.6c10 5.8 22.3 5.8 32.2 0l70.2-40.9c6.4-3.7 13.6-5.7 20.9-5.7l4.8 0 48 0c17.7 0 32 14.3 32 32l0 48c0 17.7-14.3 32-32 32L32 448c-17.7 0-32-14.3-32-32l0-48c0-17.7 14.3-32 32-32l176 0 4.8 0c7.4 0 14.6 2 20.9 5.7l70.2 40.9zM32 304c-17.7 0-32-14.3-32-32s14.3-32 32-32c7.2 0 15.8-3.7 35.4-13c16.6-7.8 40.6-19 68.6-19c30.6 0 53 10.2 70.1 18l1.9 .9c17.2 7.8 29.7 13.1 48.1 13.1s30.9-5.3 48.1-13.1l1.9-.9c17-7.8 39.4-18 70.1-18c28 0 52.1 11.3 68.6 19c19.6 9.2 28.2 13 35.4 13c17.7 0 32 14.3 32 32s-14.3 32-32 32c-22.7 0-44.3-10.3-58.8-17.2c0 0 0 0 0 0c-1.3-.6-2.6-1.2-3.8-1.8c-17.4-8.2-29.4-13-41.4-13c-16.2 0-27.5 5-45.4 13.1c0 0 0 0-.1 0c-18 8.2-41.4 18.9-74.5 18.9s-56.6-10.7-74.5-18.9c0 0 0 0-.1 0C163.5 277 152.2 272 136 272c-12 0-23.9 4.7-41.4 13c-1.2 .6-2.5 1.2-3.8 1.8C76.3 293.7 54.7 304 32 304z"></path>
                                                                </svg>
                                                            </div>
                                                            <span class="Typographystyled__Typography-sc-1by6236-0 wRJrU">Catering</span>
                                                        </div>
                                                    </div>
                                                </a>
                                                <a href="/cooking-school" class="DrawerMenuItemstyled__MenuItemLink-sc-erkfs-1 dfBSNI">
                                                    <div class="DrawerMenuItemstyled__MenuItem-sc-erkfs-0 eCcOtW">
                                                        <div class="DrawerMenuItemstyled__MenuItemLabel-sc-erkfs-2 dFwUmO">
                                                            <div class="DrawerMenuItemstyled__IconContainer-sc-erkfs-7 dwZUkJ">
                                                                <svg aria-hidden="true" focusable="false" data-prefix="fas" data-icon="user-chef" class="svg-inline--fa fa-user-chef " role="img" xmlns="http://www.w3.org/2000/svg" viewBox="0 0 448 512" font-size="16px">
                                                                    <path fill="currentColor" d="M384 48c0 20.9-13.4 38.7-32 45.3l0 18.7 0 64c0 70.7-57.3 128-128 128s-128-57.3-128-128l0-64 0-18.7C77.4 86.7 64 68.9 64 48C64 21.5 85.5 0 112 0c14.3 0 27.2 6.3 36 16.3C156.8 6.3 169.7 0 184 0c16.7 0 31.4 8.5 40 21.5C232.6 8.5 247.3 0 264 0c14.3 0 27.2 6.3 36 16.3C308.8 6.3 321.7 0 336 0c26.5 0 48 21.5 48 48zM304 176l0-16-160 0 0 16c0 44.2 35.8 80 80 80s80-35.8 80-80zM178.4 340.6c7.5 1.9 8.2 12.3 1 15.2l-43.2 17.3C111.9 382.8 96 406.3 96 432.5L96 480l0 24 0 8-8 0-24 0-38.4 0C11.5 512 0 500.5 0 486.4c0-58.8 37.7-108.8 90.3-127c3.3-1.2 5.7-4.3 5.7-7.8l0-21.4c0-5.2 4.9-9 9.9-7.8l72.5 18.1zM352 512l-192 0-24 0-8 0 0-8 0-24 0-47.5c0-13.1 8-24.9 20.1-29.7L341 325.6c5.3-2.1 11 1.8 11 7.4l0 18.6c0 3.5 2.3 6.6 5.7 7.8c52.6 18.2 90.3 68.2 90.3 127c0 14.1-11.5 25.6-25.6 25.6L352 512zM224 432a16 16 0 1 0 -32 0 16 16 0 1 0 32 0zm80 16a16 16 0 1 0 0-32 16 16 0 1 0 0 32z"></path>
                                                                </svg>
                                                            </div>
                                                            <span class="Typographystyled__Typography-sc-1by6236-0 wRJrU">Cooking School</span>
                                                        </div>
                                                    </div>
                                                </a>
                                                <a href="/in-store" class="DrawerMenuItemstyled__MenuItemLink-sc-erkfs-1 dfBSNI">
                                                    <div class="DrawerMenuItemstyled__MenuItem-sc-erkfs-0 eCcOtW">
                                                        <div class="DrawerMenuItemstyled__MenuItemLabel-sc-erkfs-2 dFwUmO">
                                                            <div class="DrawerMenuItemstyled__IconContainer-sc-erkfs-7 dwZUkJ">
                                                                <svg aria-hidden="true" focusable="false" data-prefix="fas" data-icon="circle-info" class="svg-inline--fa fa-circle-info " role="img" xmlns="http://www.w3.org/2000/svg" viewBox="0 0 512 512" font-size="16px">
                                                                    <path fill="currentColor" d="M256 512A256 256 0 1 0 256 0a256 256 0 1 0 0 512zM216 336l24 0 0-64-24 0c-13.3 0-24-10.7-24-24s10.7-24 24-24l48 0c13.3 0 24 10.7 24 24l0 88 8 0c13.3 0 24 10.7 24 24s-10.7 24-24 24l-80 0c-13.3 0-24-10.7-24-24s10.7-24 24-24zm40-208a32 32 0 1 1 0 64 32 32 0 1 1 0-64z"></path>
                                                                </svg>
                                                            </div>
                                                            <span class="Typographystyled__Typography-sc-1by6236-0 wRJrU">Store Info</span>
                                                        </div>
                                                    </div>
                                                </a>
                                                <a href="/locations" class="DrawerMenuItemstyled__MenuItemLink-sc-erkfs-1 dfBSNI">
                                                    <div class="DrawerMenuItemstyled__MenuItem-sc-erkfs-0 eCcOtW">
                                                        <div class="DrawerMenuItemstyled__MenuItemLabel-sc-erkfs-2 dFwUmO">
                                                            <div class="DrawerMenuItemstyled__IconContainer-sc-erkfs-7 dwZUkJ">
                                                                <svg aria-hidden="true" focusable="false" data-prefix="fas" data-icon="location-dot" class="svg-inline--fa fa-location-dot " role="img" xmlns="http://www.w3.org/2000/svg" viewBox="0 0 384 512" font-size="16px">
                                                                    <path fill="currentColor" d="M215.7 499.2C267 435 384 279.4 384 192C384 86 298 0 192 0S0 86 0 192c0 87.4 117 243 168.3 307.2c12.3 15.3 35.1 15.3 47.4 0zM192 128a64 64 0 1 1 0 128 64 64 0 1 1 0-128z"></path>
                                                                </svg>
                                                            </div>
                                                            <span class="Typographystyled__Typography-sc-1by6236-0 wRJrU">Locations</span>
                                                        </div>
                                                    </div>
                                                </a>
                                                <div class="Drawerstyled__Divider-sc-1apwih8-1 eXTwwi"></div>
                                                <div data-testid="logout-block" class="DrawerMenuItemstyled__MenuItem-sc-erkfs-0 eCcOtW">
                                                    <div class="DrawerMenuItemstyled__MenuItemLabel-sc-erkfs-2 dFwUmO">
                                                        <div class="DrawerMenuItemstyled__IconContainer-sc-erkfs-7 dwZUkJ">
                                                            <svg aria-hidden="true" focusable="false" data-prefix="fas" data-icon="arrow-right-from-bracket" class="svg-inline--fa fa-arrow-right-from-bracket " role="img" xmlns="http://www.w3.org/2000/svg" viewBox="0 0 512 512" font-size="16px">
                                                                <path fill="currentColor" d="M502.6 278.6c12.5-12.5 12.5-32.8 0-45.3l-128-128c-12.5-12.5-32.8-12.5-45.3 0s-12.5 32.8 0 45.3L402.7 224 192 224c-17.7 0-32 14.3-32 32s14.3 32 32 32l210.7 0-73.4 73.4c-12.5 12.5-12.5 32.8 0 45.3s32.8 12.5 45.3 0l128-128zM160 96c17.7 0 32-14.3 32-32s-14.3-32-32-32L96 32C43 32 0 75 0 128L0 384c0 53 43 96 96 96l64 0c17.7 0 32-14.3 32-32s-14.3-32-32-32l-64 0c-17.7 0-32-14.3-32-32l0-256c0-17.7 14.3-32 32-32l64 0z"></path>
                                                            </svg>
                                                        </div>
                                                        <span class="Typographystyled__Typography-sc-1by6236-0 wRJrU">Log Out</span>
                                                    </div>
                                                </div>
                                            </div>
                                        </div>
                                    </div>
                                    <button data-testid="hamburger-icon" aria-expanded="false" class="GlobalStyleWrapperstyled__GlobalStyleWrapper-sc-gg5ed3-0 Core__Flex-sc-1a2z39r-0 Buttonstyled__Button-sc-17hrfrr-0 bZmixu PVisF iIDAGY sc-7a593d54-0 ftLklv">
                                        <span color="inherit" class="Typographystyled__Typography-sc-1by6236-0 eWMUii">
                                            <img height="24px" src="/assets/images/hamburger-icon.svg" alt="Menu Icon"/>
                                        </span>
                                    </button>
                                </div>
                                <a class="sc-c4ab0d20-3 fgnPgd" href="/">
                                    <div class="sc-c4ab0d20-4 gEMQWc">
                                        <img src="/assets/images/cm/cm-header-small-logo.svg" alt="Central Market Logo" class="sc-c4ab0d20-6 dTxnOy"/>
                                        <img data-testid="shop-logo-image" src="/assets/images/cm/cm-logo-white.svg" alt="Central Market Logo" class="sc-c4ab0d20-5 ggetdC"/>
                                    </div>
                                </a>
                                <div class="sc-6ab9dbb1-0 cwKBGP">
                                    <a data-testid="desktop-menubar-dropdown-container" class="sc-59aa67c-1 ewYDmb" href="/product-category/[...category]">
                                        <span class="Typographystyled__Typography-sc-1by6236-0 isLXJf sc-59aa67c-3 kPgQHO">Shop</span>
                                    </a>
                                    <a class="sc-59aa67c-1 ewYDmb" href="/weekly-savor">
                                        <span class="Typographystyled__Typography-sc-1by6236-0 isLXJf sc-59aa67c-3 kPgQHO">Weekly Savor</span>
                                    </a>
                                    <a class="sc-59aa67c-1 ewYDmb" href="/catering">
                                        <span class="Typographystyled__Typography-sc-1by6236-0 isLXJf sc-59aa67c-3 kPgQHO">Catering</span>
                                    </a>
                                    <a class="sc-59aa67c-1 ewYDmb" href="/cooking-school">
                                        <span class="Typographystyled__Typography-sc-1by6236-0 isLXJf sc-59aa67c-3 kPgQHO">Cooking School</span>
                                    </a>
                                </div>
                                <div data-testid="desktop-searchbar-container" class="sc-675d8d81-0 dMHAKZ">
                                    <form class="sc-675d8d81-2 jQFdCG">
                                        <div class="GlobalStyleWrapperstyled__GlobalStyleWrapper-sc-gg5ed3-0 SearchBarstyled__SearchBar-sc-u1wa59-0 bZmixu llUIwH">
                                            <div class="FormFieldsstyled__InputContainer-sc-16bvqcv-1 kQwbve">
                                                <button aria-label="Search" class="Core__UnstyledButton-sc-1a2z39r-3 SearchBarstyled__SearchButton-sc-u1wa59-2 bqbMMy cfKSCd">
                                                    <svg aria-hidden="true" focusable="false" data-prefix="fas" data-icon="magnifying-glass" class="svg-inline--fa fa-magnifying-glass " role="img" xmlns="http://www.w3.org/2000/svg" viewBox="0 0 512 512" font-size="16px" name="magnifying-glass" color="#1A6847">
                                                        <path fill="currentColor" d="M416 208c0 45.9-14.9 88.3-40 122.7L502.6 457.4c12.5 12.5 12.5 32.8 0 45.3s-32.8 12.5-45.3 0L330.7 376c-34.4 25.2-76.8 40-122.7 40C93.1 416 0 322.9 0 208S93.1 0 208 0S416 93.1 416 208zM208 352a144 144 0 1 0 0-288 144 144 0 1 0 0 288z"></path>
                                                    </svg>
                                                </button>
                                                <input id="search" type="text" data-testid="search-bar" placeholder="Search Products" autoComplete="off" class="FormFieldsstyled__Input-sc-16bvqcv-9 SearchBarstyled__Input-sc-u1wa59-1 eEKFPW kCcZbs" value=""/>
                                            </div>
                                        </div>
                                    </form>
                                    <div class="sc-675d8d81-5 iXpYVH"></div>
                                </div>
                                <div data-testid="desktop-login-container" class="sc-cabf69d5-0 jIzmlz">
                                    <div data-headlessui-state="">
                                        <button data-testid="login-icon" class="sc-cabf69d5-3 eLQQVR" id="headlessui-menu-button-:R266rt4r6:" type="button" aria-haspopup="menu" aria-expanded="false" data-headlessui-state="">
                                            <span data-testid="login-text" class="Typographystyled__Typography-sc-1by6236-0 isLXJf sc-cabf69d5-4 fZbigJ dd-privacy-mask">
                                                <svg aria-hidden="true" focusable="false" data-prefix="fas" data-icon="user" class="svg-inline--fa fa-user " role="img" xmlns="http://www.w3.org/2000/svg" viewBox="0 0 448 512" font-size="12px" name="user">
                                                    <path fill="currentColor" d="M224 256A128 128 0 1 0 224 0a128 128 0 1 0 0 256zm-45.7 48C79.8 304 0 383.8 0 482.3C0 498.7 13.3 512 29.7 512l388.6 0c16.4 0 29.7-13.3 29.7-29.7C448 383.8 368.2 304 269.7 304l-91.4 0z"></path>
                                                </svg>
                                                <!-- -->
                                                Andrew
                                                <!-- -->
                                                <svg aria-hidden="true" focusable="false" data-prefix="fas" data-icon="chevron-down" class="svg-inline--fa fa-chevron-down " role="img" xmlns="http://www.w3.org/2000/svg" viewBox="0 0 512 512" font-size="12px" name="chevron-down">
                                                    <path fill="currentColor" d="M233.4 406.6c12.5 12.5 32.8 12.5 45.3 0l192-192c12.5-12.5 12.5-32.8 0-45.3s-32.8-12.5-45.3 0L256 338.7 86.6 169.4c-12.5-12.5-32.8-12.5-45.3 0s-12.5 32.8 0 45.3l192 192z"></path>
                                                </svg>
                                            </span>
                                        </button>
                                    </div>
                                </div>
                                <div class="sc-5b343a1e-0 kFPeCS">
                                    <a data-testid="cart-icon-container" href="/cart">
                                        <div class="sc-5b343a1e-1 caRNvz">
                                            <svg aria-hidden="true" focusable="false" data-prefix="fas" data-icon="cart-shopping" class="svg-inline--fa fa-cart-shopping " role="img" xmlns="http://www.w3.org/2000/svg" viewBox="0 0 576 512" font-size="24px" color="#ffffff" name="shopping-cart">
                                                <path fill="currentColor" d="M0 24C0 10.7 10.7 0 24 0L69.5 0c22 0 41.5 12.8 50.6 32l411 0c26.3 0 45.5 25 38.6 50.4l-41 152.3c-8.5 31.4-37 53.3-69.5 53.3l-288.5 0 5.4 28.5c2.2 11.3 12.1 19.5 23.6 19.5L488 336c13.3 0 24 10.7 24 24s-10.7 24-24 24l-288.3 0c-34.6 0-64.3-24.6-70.7-58.5L77.4 54.5c-.7-3.8-4-6.5-7.9-6.5L24 48C10.7 48 0 37.3 0 24zM128 464a48 48 0 1 1 96 0 48 48 0 1 1 -96 0zm336-48a48 48 0 1 1 0 96 48 48 0 1 1 0-96z"></path>
                                            </svg>
                                            <div class="sc-5b343a1e-2 bKeQqW">
                                                <div class="GlobalStyleWrapperstyled__GlobalStyleWrapper-sc-gg5ed3-0 Badgestyled__OuterContainer-sc-ricggl-2 bZmixu djxCcX">
                                                    <div class="Badgestyled__Badge-sc-ricggl-0 kiMEMp">
                                                        <span class="Typographystyled__Typography-sc-1by6236-0 jjcwPC">
                                                            <span data-testid="shoppingCartBadgeContainer">3</span>
                                                        </span>
                                                    </div>
                                                </div>
                                            </div>
                                        </div>
                                    </a>
                                </div>
                            </div>
                        </div>
                    </div>
                    <div class="sc-785272da-0 btqqaJ">
                        <div class="sc-785272da-1 dioxOe">
                            <div class="sc-785272da-2 cEQWVO">
                                <div class="sc-785272da-3 gfglv">
                                    <button data-testid="edit-button" class="GlobalStyleWrapperstyled__GlobalStyleWrapper-sc-gg5ed3-0 Core__Flex-sc-1a2z39r-0 Buttonstyled__Button-sc-17hrfrr-0 bZmixu PVisF emDiGl sc-c5c62c4f-0 gRUesm">
                                        <span color="inherit" class="Typographystyled__Typography-sc-1by6236-0 eWMUii">
                                            <div class="sc-c5c62c4f-1 LAbGQ">
                                                <svg data-testid="curbside-icon-fulfillment" viewBox="0 0 28 28" xmlns="http://www.w3.org/2000/svg" class="curbside-icon" width="23" height="23">
                                                    <path d="m14 28c7.732 0 14-6.268 14-14 0-7.732-6.268-14-14-14-7.732 0-14 6.268-14 14 0 7.732 6.268 14 14 14z" clip-rule="evenodd" fill="#FFFFFF" fill-rule="evenodd"></path>
                                                    <path d="m2.2572 7.2798c2.4105-4.2116 6.8908-6.8109 11.743-6.8129v0.005106c4.5202-0.001618 8.7423 2.2549 11.253 6.0139 2.5103 3.759 2.9769 8.5235 1.2436 12.698h-2.4956l-1.0019 1.8219h-2.242v-2.8068h2.1365v-6.2261h-2.1774l-1.582-5.3108h-10.27l-1.582 5.3108h-2.1774v6.2193h3.3818l-1.2758 0.3929v2.4207h-4.7852c-0.01531-0.0256-0.03147-0.0503-0.04764-0.0749-0.01616-0.0246-0.03232-0.0493-0.04763-0.0749-2.4562-4.1851-2.4844-9.3647-0.07396-13.576zm5.8407 4.6933 0.6328-2.1348h3.8956v-0.39125h-3.7782l0.18711-0.62771h4.2102v-0.38954h-4.0945l0.29599-0.98834h9.106l1.3507 4.5317h-1.7267c8e-4 -0.017 0.0033-0.0337 0.0059-0.0503v-1e-4c3e-3 -0.0199 0.0061-0.0398 0.0061-0.0601 0-1.0377-0.8412-1.8789-1.879-1.8789-1.0376 0-1.8788 0.84116-1.8788 1.8789 0 0.0187 3e-3 0.0369 6e-3 0.0552s0.0059 0.0366 0.0059 0.0553h-6.345zm6.454-3.5434h-0.5903v0.38954h0.5903v-0.38954zm-4.7666 12.576h8.3898v-2.4207l1.2775-0.3929h-9.6673v2.8136zm13.505 0.4933h-20.551c2.7133 4.0784 7.4198 6.3709 12.304 5.9933 4.884-0.3777 9.182-3.3664 11.236-7.8135h-1.987l-1.0019 1.8202zm-3.1384-2.3374h-0.3895v1.8424h0.3895v-1.8424zm-0.186-5.1955c0.4503 0.1864 0.7439 0.6256 0.7439 1.1129 5e-4 0.3193-0.126 0.6256-0.3517 0.8516-0.2256 0.2259-0.5318 0.3528-0.851 0.3528-0.4873 7e-4 -0.927-0.2923-1.1139-0.7423-0.187-0.45-0.0843-0.9683 0.26-1.3131s0.8625-0.4482 1.3127-0.2619zm-2.1665-2.1107c0-0.822-0.6665-1.4884-1.4885-1.4884-0.8221 0-1.4885 0.6664-1.4885 1.4884 0 0.0374 0 0.0732 0.0102 0.1107h2.9548c0.0014-0.0143 0.0034-0.0282 0.0054-0.0422 0.0033-0.0227 0.0066-0.0453 0.0066-0.0685zm-10.47 3.2236c0 0.6652 0.53922 1.2044 1.2044 1.2044s1.2044-0.5392 1.2044-1.2044-0.53921-1.2044-1.2044-1.2044-1.2044 0.5392-1.2044 1.2044zm1.8509 4.0826h-0.38955v1.8424h0.38955v-1.8424z" clip-rule="evenodd" fill="#1A6847" fill-rule="evenodd"></path>
                                                </svg>
                                            </div>
                                            <span style="text-transform:capitalize" data-testid="fulfillmentbar-type" class="Typographystyled__Typography-sc-1by6236-0 kuTpBI sc-cafb0d2d-0 inkWiX">pickup</span>
                                            <span class="Typographystyled__Typography-sc-1by6236-0 kuTpBI sc-cafb0d2d-0 inkWiX">at</span>
                                            <span data-testid="fulfillmentbar-location" class="Typographystyled__Typography-sc-1by6236-0 BDGxc sc-cafb0d2d-0 inkWiX">Austin North Lamar</span>
                                        </span>
                                        <svg aria-hidden="true" focusable="false" data-prefix="fas" data-icon="chevron-down" class="svg-inline--fa fa-chevron-down " role="img" xmlns="http://www.w3.org/2000/svg" viewBox="0 0 512 512" font-size="12px" name="chevron-down">
                                            <path fill="currentColor" d="M233.4 406.6c12.5 12.5 32.8 12.5 45.3 0l192-192c12.5-12.5 12.5-32.8 0-45.3s-32.8-12.5-45.3 0L256 338.7 86.6 169.4c-12.5-12.5-32.8-12.5-45.3 0s-12.5 32.8 0 45.3l192 192z"></path>
                                        </svg>
                                    </button>
                                </div>
                                <div class="sc-785272da-4 hKYAUZ">
                                    <ul class="sc-387f69a4-0 cJgJKl">
                                        <li class="sc-387f69a4-1 iGJSbK">
                                            <a class="sc-387f69a4-2 hZftIg" href="/digital-offers">
                                                <span class="Typographystyled__Typography-sc-1by6236-0 imSyTu sc-387f69a4-3 eDppTC">Digital Offers</span>
                                            </a>
                                        </li>
                                        <li class="sc-387f69a4-1 iGJSbK">
                                            <a class="sc-387f69a4-2 hZftIg" href="/lists">
                                                <span class="Typographystyled__Typography-sc-1by6236-0 imSyTu sc-387f69a4-3 eDppTC">Lists</span>
                                            </a>
                                        </li>
                                        <li class="sc-387f69a4-1 iGJSbK">
                                            <a class="sc-387f69a4-2 hZftIg" href="/my-account/buy-again">
                                                <span class="Typographystyled__Typography-sc-1by6236-0 imSyTu sc-387f69a4-3 eDppTC">Buy Again</span>
                                            </a>
                                        </li>
                                        <li class="sc-387f69a4-1 iGJSbK">
                                            <div data-headlessui-state="">
                                                <div class="sc-59aa67c-0 bgIRsV">
                                                    <button class="sc-59aa67c-2 hunAEI" id="headlessui-menu-button-:R3da6rt4r6:" type="button" aria-haspopup="menu" aria-expanded="false" data-headlessui-state="">
                                                        <span class="Typographystyled__Typography-sc-1by6236-0 kcuelo sc-59aa67c-3 kPgQHO">
                                                            Recipes
                                                            <svg aria-hidden="true" focusable="false" data-prefix="fas" data-icon="chevron-down" class="svg-inline--fa fa-chevron-down " role="img" xmlns="http://www.w3.org/2000/svg" viewBox="0 0 512 512" font-size="12px" color="#FFFFFF" name="chevron-down">
                                                                <path fill="currentColor" d="M233.4 406.6c12.5 12.5 32.8 12.5 45.3 0l192-192c12.5-12.5 12.5-32.8 0-45.3s-32.8-12.5-45.3 0L256 338.7 86.6 169.4c-12.5-12.5-32.8-12.5-45.3 0s-12.5 32.8 0 45.3l192 192z"></path>
                                                            </svg>
                                                        </span>
                                                    </button>
                                                </div>
                                            </div>
                                        </li>
                                        <li class="sc-387f69a4-1 iGJSbK">
                                            <a class="sc-387f69a4-2 hZftIg" href="/in-store">
                                                <span class="Typographystyled__Typography-sc-1by6236-0 imSyTu sc-387f69a4-3 eDppTC">Store Info</span>
                                            </a>
                                        </li>
                                    </ul>
                                </div>
                            </div>
                        </div>
                    </div>
                    <div class="sc-6c85ff1d-2 bNpJqz"></div>
                </header>
                <div class="GlobalStyleWrapperstyled__GlobalStyleWrapper-sc-gg5ed3-0 ToastContainerstyled__ToastContainer-sc-34i7q5-0 bZmixu dZZNzh"></div>
                <section aria-label="Notifications alt+T" tabindex="-1" aria-live="polite" aria-relevant="additions text" aria-atomic="false"></section>
                <main class="sc-7e2dba16-0 cUNOzT">
                    <div class="sc-fbfc835b-0 sc-c185672e-0 eVkUNU dXmbfB">
                        <aside data-testid="sidebar" class="sc-93303973-0 bTvryk">
                            <div>
                                <div class="sc-abbb0990-0 cPDqRv">
                                    <a data-testid="sidebar-category-link" role="link" class="sc-abbb0990-2 jCoSSh">
                                        <div data-testid="chevron-icon-left" class="sc-a274c00b-0 dlxCnt sc-abbb0990-4 bCQgQT">
                                            <svg width="6" height="16" viewBox="0 0 50 84" fill="none" xmlns="http://www.w3.org/2000/svg">
                                                <path fill-rule="evenodd" clip-rule="evenodd" d="M4.065,79.159c-2.299,-2.3 -2.307,-6.025 -0.016,-8.334l28.93,-29.158l-28.93,-29.159c-2.291,-2.308 -2.283,-6.034 0.016,-8.333c2.306,-2.306 6.044,-2.306 8.35,-0l33.504,33.505c2.202,2.202 2.202,5.772 0,7.974l-33.504,33.505c-2.306,2.305 -6.044,2.305 -8.35,-0Z" fill="#00693C"></path>
                                            </svg>
                                        </div>
                                        <div font-size="16px" font-family="SourceSansPro-Bold" class="sc-abbb0990-3 cEakMJ">All Departments</div>
                                    </a>
                                </div>
                            </div>
                            <div class="sc-abbb0990-0 cPDqRv">
                                <a data-testid="sidebar-category-link" role="link" class="sc-abbb0990-2 jCoSSh">
                                    <div data-testid="chevron-icon-left" class="sc-a274c00b-0 dlxCnt sc-abbb0990-4 bCQgQT">
                                        <svg width="6" height="16" viewBox="0 0 50 84" fill="none" xmlns="http://www.w3.org/2000/svg">
                                            <path fill-rule="evenodd" clip-rule="evenodd" d="M4.065,79.159c-2.299,-2.3 -2.307,-6.025 -0.016,-8.334l28.93,-29.158l-28.93,-29.159c-2.291,-2.308 -2.283,-6.034 0.016,-8.333c2.306,-2.306 6.044,-2.306 8.35,-0l33.504,33.505c2.202,2.202 2.202,5.772 0,7.974l-33.504,33.505c-2.306,2.305 -6.044,2.305 -8.35,-0Z" fill="#00693C"></path>
                                        </svg>
                                    </div>
                                    <div font-size="14px" font-family="SourceSansPro-Bold" class="sc-abbb0990-3 cEakLv">Fruits &amp;Vegetables</div>
                                </a>
                            </div>
                            <div class="sc-abbb0990-0 cPDqRv">
                                <a data-testid="sidebar-category-link" role="link" class="sc-abbb0990-2 jCoSSh">
                                    <div class="sc-abbb0990-1 hBDgPW"></div>
                                    <div font-size="14px" font-family="SourceSansPro-Bold" class="sc-abbb0990-3 iSVmEN">Fruit</div>
                                </a>
                            </div>
                            <div class="sc-abbb0990-0 cPDqVO">
                                <a data-testid="sidebar-category-link" role="link" class="sc-abbb0990-2 jCoSSh">
                                    <div font-size="14px" font-family="SourceSansPro" class="sc-abbb0990-3 dXujRv">Apples</div>
                                </a>
                            </div>
                            <div class="sc-abbb0990-0 cPDqVO">
                                <a data-testid="sidebar-category-link" role="link" class="sc-abbb0990-2 jCoSSh">
                                    <div font-size="14px" font-family="SourceSansPro" class="sc-abbb0990-3 dXujRv">Bananas</div>
                                </a>
                            </div>
                            <div class="sc-abbb0990-0 cPDqVO">
                                <a data-testid="sidebar-category-link" role="link" class="sc-abbb0990-2 jCoSSh">
                                    <div font-size="14px" font-family="SourceSansPro" class="sc-abbb0990-3 dXujRv">Berries</div>
                                </a>
                            </div>
                            <div class="sc-abbb0990-0 cPDqVO">
                                <a data-testid="sidebar-category-link" role="link" class="sc-abbb0990-2 jCoSSh">
                                    <div font-size="14px" font-family="SourceSansPro" class="sc-abbb0990-3 dXujRv">Citrus</div>
                                </a>
                            </div>
                            <div class="sc-abbb0990-0 cPDqVO">
                                <a data-testid="sidebar-category-link" role="link" class="sc-abbb0990-2 jCoSSh">
                                    <div font-size="14px" font-family="SourceSansPro" class="sc-abbb0990-3 dXujRv">Grapes</div>
                                </a>
                            </div>
                            <div class="sc-abbb0990-0 cPDqVO">
                                <a data-testid="sidebar-category-link" role="link" class="sc-abbb0990-2 jCoSSh">
                                    <div font-size="14px" font-family="SourceSansPro" class="sc-abbb0990-3 dXujRv">Melons</div>
                                </a>
                            </div>
                            <div class="sc-abbb0990-0 cPDqVO">
                                <a data-testid="sidebar-category-link" role="link" class="sc-abbb0990-2 jCoSSh">
                                    <div font-size="14px" font-family="SourceSansPro" class="sc-abbb0990-3 dXujRv">Pears</div>
                                </a>
                            </div>
                            <div class="sc-abbb0990-0 cPDqVO">
                                <a data-testid="sidebar-category-link" role="link" class="sc-abbb0990-2 jCoSSh">
                                    <div font-size="14px" font-family="SourceSansPro" class="sc-abbb0990-3 dXujRv">Pre-Cut</div>
                                </a>
                            </div>
                            <div class="sc-abbb0990-0 cPDqVO">
                                <a data-testid="sidebar-category-link" role="link" class="sc-abbb0990-2 jCoSSh">
                                    <div font-size="14px" font-family="SourceSansPro" class="sc-abbb0990-3 dXujRv">Stone Fruit</div>
                                </a>
                            </div>
                            <div class="sc-abbb0990-0 cPDqVO">
                                <a data-testid="sidebar-category-link" role="link" class="sc-abbb0990-2 jCoSSh">
                                    <div font-size="14px" font-family="SourceSansPro" class="sc-abbb0990-3 dXujRv">Tropical &amp;Specialty</div>
                                </a>
                            </div>
                            <div class="sc-b5c08e76-0 fnBXuT">
                                <div class="sc-b5c08e76-3 sc-b5c08e76-4 icTLqn iaLwXR">
                                    <span class="sc-ba403af0-1 gNfhsE sc-b5c08e76-5 kOTxky">Filter</span>
                                    <span color="disabled" cursor="inherit" class="sc-e6bef5bb-0 clTBeN">Reset</span>
                                </div>
                                <span class="sc-ba403af0-1 dlkwpZ sc-b5c08e76-6 eLWVCG">Ways to Shop</span>
                                <div data-testid="facet-group" data-qe-id="facet-group-Ways to Shop" class="sc-f34a744c-0 eTyWmr">
                                    <div data-testid="facet-option" class="sc-f34a744c-1 iwpVZ">
                                        <div class="sc-cdba3247-2 ivhQqo">
                                            <label class="sc-cdba3247-0 bVjnts sc-f34a744c-2 liYOdh">
                                                <div data-testid="checkbox-container" class="sc-cdba3247-6 jpbAJm">
                                                    <input type="checkbox" aria-label="Snap Eligible" role="checkbox" aria-checked="false" aria-live="assertive" id="Ways to Shop.snap_eligible" name="Snap Eligible" class="sc-cdba3247-9 ddOggX" value="Snap Eligible"/>
                                                </div>
                                                <div data-testid="checkboxLabel">
                                                    <strong class="sc-cdba3247-3 hykYGW"></strong>
                                                    <div class="sc-cdba3247-4 fUpsSt">Snap Eligible</div>
                                                </div>
                                            </label>
                                        </div>
                                    </div>
                                </div>
                                <span class="sc-ba403af0-1 dlkwpZ sc-b5c08e76-6 eLWVCG">Brand</span>
                                <div data-testid="facet-group" data-qe-id="facet-group-Brand" class="sc-f34a744c-0 eTyWmr">
                                    <div data-testid="facet-option" class="sc-f34a744c-1 iwpVZ">
                                        <div class="sc-cdba3247-2 ivhQqo">
                                            <label class="sc-cdba3247-0 bVjnts sc-f34a744c-2 liYOdh">
                                                <div data-testid="checkbox-container" class="sc-cdba3247-6 jpbAJm">
                                                    <input type="checkbox" aria-label="Fresh" role="checkbox" aria-checked="false" aria-live="assertive" id="brand.Fresh" name="Fresh" class="sc-cdba3247-9 ddOggX" value="Fresh"/>
                                                </div>
                                                <div data-testid="checkboxLabel">
                                                    <strong class="sc-cdba3247-3 hykYGW"></strong>
                                                    <div class="sc-cdba3247-4 fUpsSt">Fresh</div>
                                                </div>
                                            </label>
                                        </div>
                                    </div>
                                    <div data-testid="facet-option" class="sc-f34a744c-1 iwpVZ">
                                        <div class="sc-cdba3247-2 ivhQqo">
                                            <label class="sc-cdba3247-0 bVjnts sc-f34a744c-2 liYOdh">
                                                <div data-testid="checkbox-container" class="sc-cdba3247-6 jpbAJm">
                                                    <input type="checkbox" aria-label="Central Market" role="checkbox" aria-checked="false" aria-live="assertive" id="brand.Central Market" name="Central Market" class="sc-cdba3247-9 ddOggX" value="Central Market"/>
                                                </div>
                                                <div data-testid="checkboxLabel">
                                                    <strong class="sc-cdba3247-3 hykYGW"></strong>
                                                    <div class="sc-cdba3247-4 fUpsSt">Central Market</div>
                                                </div>
                                            </label>
                                        </div>
                                    </div>
                                    <div data-testid="facet-option" class="sc-f34a744c-1 iwpVZ">
                                        <div class="sc-cdba3247-2 ivhQqo">
                                            <label class="sc-cdba3247-0 bVjnts sc-f34a744c-2 liYOdh">
                                                <div data-testid="checkbox-container" class="sc-cdba3247-6 jpbAJm">
                                                    <input type="checkbox" aria-label="Driscoll&#x27;s" role="checkbox" aria-checked="false" aria-live="assertive" id="brand.Driscoll&#x27;s" name="Driscoll&#x27;s" class="sc-cdba3247-9 ddOggX" value="Driscoll&#x27;s"/>
                                                </div>
                                                <div data-testid="checkboxLabel">
                                                    <strong class="sc-cdba3247-3 hykYGW"></strong>
                                                    <div class="sc-cdba3247-4 fUpsSt">Driscoll &#x27;s</div>
                                                </div>
                                            </label>
                                        </div>
                                    </div>
                                    <div data-testid="facet-option" class="sc-f34a744c-1 iwpVZ">
                                        <div class="sc-cdba3247-2 ivhQqo">
                                            <label class="sc-cdba3247-0 bVjnts sc-f34a744c-2 liYOdh">
                                                <div data-testid="checkbox-container" class="sc-cdba3247-6 jpbAJm">
                                                    <input type="checkbox" aria-label="H-E-B" role="checkbox" aria-checked="false" aria-live="assertive" id="brand.H-E-B" name="H-E-B" class="sc-cdba3247-9 ddOggX" value="H-E-B"/>
                                                </div>
                                                <div data-testid="checkboxLabel">
                                                    <strong class="sc-cdba3247-3 hykYGW"></strong>
                                                    <div class="sc-cdba3247-4 fUpsSt">H-E-B</div>
                                                </div>
                                            </label>
                                        </div>
                                    </div>
                                    <div class="sc-b5c08e76-3 icTLqn">
                                        <span color="green" cursor="pointer" data-testid="see-all-facet-options" class="sc-e6bef5bb-0 hzZPWi">See All 25</span>
                                        <div data-testid="chevron-icon-down" class="sc-a274c00b-0 dlxCnt sc-a274c00b-2 sc-b5c08e76-2 cntGlN ibZEpD">
                                            <svg width="8" height="14" viewBox="0 0 50 84" fill="none" xmlns="http://www.w3.org/2000/svg">
                                                <path fill-rule="evenodd" clip-rule="evenodd" d="M4.065,79.159c-2.299,-2.3 -2.307,-6.025 -0.016,-8.334l28.93,-29.158l-28.93,-29.159c-2.291,-2.308 -2.283,-6.034 0.016,-8.333c2.306,-2.306 6.044,-2.306 8.35,-0l33.504,33.505c2.202,2.202 2.202,5.772 0,7.974l-33.504,33.505c-2.306,2.305 -6.044,2.305 -8.35,-0Z" fill="currentColor"></path>
                                            </svg>
                                        </div>
                                    </div>
                                </div>
                            </div>
                        </aside>
                        <div class="sc-c185672e-2 hTZcN">
                            <div>
                                <div data-testid="breadcrumbs" class="sc-b9ef6fa7-0 gUVGid">
                                    <a data-testid="breadcrumbLink" href="/">
                                        <div>Home</div>
                                    </a>
                                    <svg color="#00693C" class="sc-b9ef6fa7-1 gxGToX" viewBox="0 0 50 84" fill="none" xmlns="http://www.w3.org/2000/svg">
                                        <path fill-rule="evenodd" clip-rule="evenodd" d="M4.065,79.159c-2.299,-2.3 -2.307,-6.025 -0.016,-8.334l28.93,-29.158l-28.93,-29.159c-2.291,-2.308 -2.283,-6.034 0.016,-8.333c2.306,-2.306 6.044,-2.306 8.35,-0l33.504,33.505c2.202,2.202 2.202,5.772 0,7.974l-33.504,33.505c-2.306,2.305 -6.044,2.305 -8.35,-0Z" fill="currentColor"></path>
                                    </svg>
                                    <a data-testid="breadcrumbLink" href="/product-category/Fruits%20&amp;%20Vegetables/483475">
                                        <div>Fruits &amp;Vegetables</div>
                                    </a>
                                    <svg color="#00693C" class="sc-b9ef6fa7-1 gxGToX" viewBox="0 0 50 84" fill="none" xmlns="http://www.w3.org/2000/svg">
                                        <path fill-rule="evenodd" clip-rule="evenodd" d="M4.065,79.159c-2.299,-2.3 -2.307,-6.025 -0.016,-8.334l28.93,-29.158l-28.93,-29.159c-2.291,-2.308 -2.283,-6.034 0.016,-8.333c2.306,-2.306 6.044,-2.306 8.35,-0l33.504,33.505c2.202,2.202 2.202,5.772 0,7.974l-33.504,33.505c-2.306,2.305 -6.044,2.305 -8.35,-0Z" fill="currentColor"></path>
                                    </svg>
                                    <strong>Fruit</strong>
                                </div>
                                <div class="sc-8501e5b1-0 cfUhAJ">
                                    <span data-testid="page-section-title" class="sc-e6bef5bb-0 NdYxD">Fruit</span>
                                    <div class="sc-73b7035-1 eGkFJo">
                                        <div class="sc-73b7035-3 ksmLxG">
                                            <span class="sc-e6bef5bb-0 eHnrMD">FILTER</span>
                                            <div class="sc-7042f06b-0 himzr sc-73b7035-0 jOLhKf">
                                                <svg width="20" height="20" viewBox="0 0 20 20" fill="none" xmlns="http://www.w3.org/2000/svg">
                                                    <path fill-rule="evenodd" clip-rule="evenodd" d="M7.29198 1.5H19C19.5523 1.5 20 1.94772 20 2.5C20 3.05228 19.5523 3.5 19 3.5H7.29198C6.9062 4.38295 6.02516 5 5 5C3.97484 5 3.0938 4.38295 2.70802 3.5H1C0.447715 3.5 0 3.05228 0 2.5C0 1.94772 0.447715 1.5 1 1.5H2.70802C3.0938 0.617048 3.97484 0 5 0C6.02516 0 6.9062 0.617048 7.29198 1.5ZM1 9C0.447715 9 0 9.44771 0 10C0 10.5523 0.447715 11 1 11H12.708C13.0938 11.883 13.9748 12.5 15 12.5C16.0252 12.5 16.9062 11.883 17.292 11H19C19.5523 11 20 10.5523 20 10C20 9.44771 19.5523 9 19 9H17.292C16.9062 8.11705 16.0252 7.5 15 7.5C13.9748 7.5 13.0938 8.11705 12.708 9H1ZM0 17.5C0 16.9477 0.447715 16.5 1 16.5H2.70802C3.0938 15.617 3.97484 15 5 15C6.02516 15 6.9062 15.617 7.29198 16.5H19C19.5523 16.5 20 16.9477 20 17.5C20 18.0523 19.5523 18.5 19 18.5H7.29198C6.9062 19.383 6.02516 20 5 20C3.97484 20 3.0938 19.383 2.70802 18.5H1C0.447715 18.5 0 18.0523 0 17.5Z" fill="#00693C"></path>
                                                </svg>
                                            </div>
                                        </div>
                                    </div>
                                </div>
                            </div>
                            <div data-testid="search-product-grid-container" class="sc-c185672e-1 bCKzMD">
                                <div data-testid="product-card-container" class="sc-dcecc41d-1 inacKu">
                                    <a class="sc-aec2bbd8-0 goNaNy sc-dcecc41d-0 fBmNkX" href="/product/fresh-bunch-of-bananas-5-7-bananas/377497">
                                        <div class="sc-dcecc41d-3 fobvDD">
                                            <div class="sc-dcecc41d-7 kSjHOg">
                                                <div data-testid="productCardImage" class="sc-9d45f00f-1 gefqin">
                                                    <img loading="lazy" src="https://images.heb.com/is/image/HEBGrocery/000377497-1?hei=416&amp;wid=416&amp;defaultimage=CentralMarketLogo_t750x550" aria-label="product image of Fresh Bunch of Bananas (5-7 Bananas)" width="416" class="sc-9d45f00f-0 isjpEI"/>
                                                </div>
                                            </div>
                                        </div>
                                    </a>
                                    <div class="sc-dcecc41d-5 laYwjn">
                                        <div data-testid="pdp-price" class="sc-fee43095-0 eHbBoZ">
                                            <span class="Typographystyled__Typography-sc-1by6236-0 gbsXyt sc-fee43095-1 eXMKIX">$1.32
                                            <!-- -->
                                            <!-- -->
                                            ea</span>
                                        </div>
                                        <a class="sc-aec2bbd8-0 goNaNy sc-dcecc41d-0 fBmNkX" href="/product/fresh-bunch-of-bananas-5-7-bananas/377497">
                                            <span data-testid="productCardTitle" class="Typographystyled__Typography-sc-1by6236-0 iaVbLh">Fresh Bunch of Bananas (5-7 Bananas)</span>
                                        </a>
                                        <div data-testid="product-eawt-info" class="sc-b8807e3a-0 gaIkre">
                                            <div class="sc-b8807e3a-1 mflCu">
                                                <div class="GlobalStyleWrapperstyled__GlobalStyleWrapper-sc-gg5ed3-0 Tagstyled__TagWrapper-sc-yr57by-0 bZmixu kzHTmh">
                                                    <span color="#2B2B2C" class="Typographystyled__Typography-sc-1by6236-0 iaVbLh">Avg. 2.4 lb</span>
                                                </div>
                                                <span class="Typographystyled__Typography-sc-1by6236-0 iaVbLh">$0.55 / lb</span>
                                            </div>
                                        </div>
                                    </div>
                                    <div class="sc-dcecc41d-4 gAOtNW">
                                        <div data-testid="addToCartButton" data-analytics-id="add-to-cart-group" class="sc-14d9bbe-6 iDQyvk">
                                            <div>
                                                <div data-analytics-id="add-to-cart-button" class="sc-14d9bbe-2 juOpgc">
                                                    <button data-testid="add-to-cart-btn" class="GlobalStyleWrapperstyled__GlobalStyleWrapper-sc-gg5ed3-0 Core__Flex-sc-1a2z39r-0 Buttonstyled__Button-sc-17hrfrr-0 bZmixu PVisF jKBZbv sc-14d9bbe-0 inPljW">
                                                        <span color="inherit" class="Typographystyled__Typography-sc-1by6236-0 eWMUii">Add to Cart</span>
                                                    </button>
                                                </div>
                                            </div>
                                        </div>
                                        <div class="sc-14d9bbe-4 heCQab"></div>
                                        <button data-testid="add-to-list-button" class="GlobalStyleWrapperstyled__GlobalStyleWrapper-sc-gg5ed3-0 Core__Flex-sc-1a2z39r-0 Buttonstyled__Button-sc-17hrfrr-0 bZmixu PVisF jLZhDm">
                                            <svg aria-hidden="true" focusable="false" data-prefix="fas" data-icon="list-ul" class="svg-inline--fa fa-list-ul " role="img" xmlns="http://www.w3.org/2000/svg" viewBox="0 0 512 512" font-size="16px" name="list-ul">
                                                <path fill="currentColor" d="M64 144a48 48 0 1 0 0-96 48 48 0 1 0 0 96zM192 64c-17.7 0-32 14.3-32 32s14.3 32 32 32l288 0c17.7 0 32-14.3 32-32s-14.3-32-32-32L192 64zm0 160c-17.7 0-32 14.3-32 32s14.3 32 32 32l288 0c17.7 0 32-14.3 32-32s-14.3-32-32-32l-288 0zm0 160c-17.7 0-32 14.3-32 32s14.3 32 32 32l288 0c17.7 0 32-14.3 32-32s-14.3-32-32-32l-288 0zM64 464a48 48 0 1 0 0-96 48 48 0 1 0 0 96zm48-208a48 48 0 1 0 -96 0 48 48 0 1 0 96 0z"></path>
                                            </svg>
                                            <span color="inherit" class="Typographystyled__Typography-sc-1by6236-0 eWMUii">add to list</span>
                                        </button>
                                    </div>
                                </div>
                                <div data-testid="product-card-container" class="sc-dcecc41d-1 inacKu">
                                    <a class="sc-aec2bbd8-0 goNaNy sc-dcecc41d-0 fBmNkX" href="/product/fresh-organic-blueberries-11-oz/1589560">
                                        <div class="sc-dcecc41d-3 fobvDD">
                                            <div class="sc-dcecc41d-7 kSjHOg">
                                                <div data-testid="productCardImage" class="sc-9d45f00f-1 gefqin">
                                                    <img loading="lazy" src="https://images.heb.com/is/image/HEBGrocery/001589560-1?hei=416&amp;wid=416&amp;defaultimage=CentralMarketLogo_t750x550" aria-label="product image of Fresh Organic Blueberries, 11 oz" width="416" class="sc-9d45f00f-0 isjpEI"/>
                                                </div>
                                            </div>
                                        </div>
                                    </a>
                                    <div class="sc-dcecc41d-5 laYwjn">
                                        <div data-testid="pdp-price" class="sc-fee43095-0 eHbBoZ">
                                            <span class="Typographystyled__Typography-sc-1by6236-0 gbsXyt sc-fee43095-1 eXMKIX">$5.99
                                            <!-- -->
                                            <!-- -->
                                            ea</span>
                                        </div>
                                        <a class="sc-aec2bbd8-0 goNaNy sc-dcecc41d-0 fBmNkX" href="/product/fresh-organic-blueberries-11-oz/1589560">
                                            <span data-testid="productCardTitle" class="Typographystyled__Typography-sc-1by6236-0 iaVbLh">Fresh Organic Blueberries, 11 oz</span>
                                        </a>
                                    </div>
                                    <div class="sc-dcecc41d-4 gAOtNW">
                                        <div data-testid="addToCartButton" data-analytics-id="add-to-cart-group" class="sc-14d9bbe-6 iDQyvk">
                                            <div>
                                                <div data-analytics-id="add-to-cart-button" class="sc-14d9bbe-2 juOpgc">
                                                    <button data-testid="add-to-cart-btn" class="GlobalStyleWrapperstyled__GlobalStyleWrapper-sc-gg5ed3-0 Core__Flex-sc-1a2z39r-0 Buttonstyled__Button-sc-17hrfrr-0 bZmixu PVisF jKBZbv sc-14d9bbe-0 inPljW">
                                                        <span color="inherit" class="Typographystyled__Typography-sc-1by6236-0 eWMUii">Add to Cart</span>
                                                    </button>
                                                </div>
                                            </div>
                                        </div>
                                        <div class="sc-14d9bbe-4 heCQab"></div>
                                        <button data-testid="add-to-list-button" class="GlobalStyleWrapperstyled__GlobalStyleWrapper-sc-gg5ed3-0 Core__Flex-sc-1a2z39r-0 Buttonstyled__Button-sc-17hrfrr-0 bZmixu PVisF jLZhDm">
                                            <svg aria-hidden="true" focusable="false" data-prefix="fas" data-icon="list-ul" class="svg-inline--fa fa-list-ul " role="img" xmlns="http://www.w3.org/2000/svg" viewBox="0 0 512 512" font-size="16px" name="list-ul">
                                                <path fill="currentColor" d="M64 144a48 48 0 1 0 0-96 48 48 0 1 0 0 96zM192 64c-17.7 0-32 14.3-32 32s14.3 32 32 32l288 0c17.7 0 32-14.3 32-32s-14.3-32-32-32L192 64zm0 160c-17.7 0-32 14.3-32 32s14.3 32 32 32l288 0c17.7 0 32-14.3 32-32s-14.3-32-32-32l-288 0zm0 160c-17.7 0-32 14.3-32 32s14.3 32 32 32l288 0c17.7 0 32-14.3 32-32s-14.3-32-32-32l-288 0zM64 464a48 48 0 1 0 0-96 48 48 0 1 0 0 96zm48-208a48 48 0 1 0 -96 0 48 48 0 1 0 96 0z"></path>
                                            </svg>
                                            <span color="inherit" class="Typographystyled__Typography-sc-1by6236-0 eWMUii">add to list</span>
                                        </button>
                                    </div>
                                </div>
                                <div data-testid="product-card-container" class="sc-dcecc41d-1 inacKu">
                                    <a class="sc-aec2bbd8-0 goNaNy sc-dcecc41d-0 fBmNkX" href="/product/fresh-organic-blackberries-6-oz/660159">
                                        <div class="sc-dcecc41d-3 fobvDD">
                                            <div class="sc-dcecc41d-7 kSjHOg">
                                                <div data-testid="productCardImage" class="sc-9d45f00f-1 gefqin">
                                                    <img loading="lazy" src="https://images.heb.com/is/image/HEBGrocery/000660159-1?hei=416&amp;wid=416&amp;defaultimage=CentralMarketLogo_t750x550" aria-label="product image of Fresh Organic Blackberries, 6 oz" width="416" class="sc-9d45f00f-0 isjpEI"/>
                                                </div>
                                            </div>
                                        </div>
                                    </a>
                                    <div class="sc-dcecc41d-5 laYwjn">
                                        <div data-testid="pdp-price" class="sc-fee43095-0 eHbBoZ">
                                            <span class="Typographystyled__Typography-sc-1by6236-0 gbsXyt sc-fee43095-1 eXMKIX">$4.98
                                            <!-- -->
                                            <!-- -->
                                            ea</span>
                                        </div>
                                        <a class="sc-aec2bbd8-0 goNaNy sc-dcecc41d-0 fBmNkX" href="/product/fresh-organic-blackberries-6-oz/660159">
                                            <span data-testid="productCardTitle" class="Typographystyled__Typography-sc-1by6236-0 iaVbLh">Fresh Organic Blackberries, 6 oz</span>
                                        </a>
                                    </div>
                                    <div class="sc-dcecc41d-4 gAOtNW">
                                        <div data-testid="addToCartButton" data-analytics-id="add-to-cart-group" class="sc-14d9bbe-6 iDQyvk">
                                            <div>
                                                <div data-analytics-id="add-to-cart-button" class="sc-14d9bbe-2 juOpgc">
                                                    <button data-testid="add-to-cart-btn" class="GlobalStyleWrapperstyled__GlobalStyleWrapper-sc-gg5ed3-0 Core__Flex-sc-1a2z39r-0 Buttonstyled__Button-sc-17hrfrr-0 bZmixu PVisF jKBZbv sc-14d9bbe-0 inPljW">
                                                        <span color="inherit" class="Typographystyled__Typography-sc-1by6236-0 eWMUii">Add to Cart</span>
                                                    </button>
                                                </div>
                                            </div>
                                        </div>
                                        <div class="sc-14d9bbe-4 heCQab"></div>
                                        <button data-testid="add-to-list-button" class="GlobalStyleWrapperstyled__GlobalStyleWrapper-sc-gg5ed3-0 Core__Flex-sc-1a2z39r-0 Buttonstyled__Button-sc-17hrfrr-0 bZmixu PVisF jLZhDm">
                                            <svg aria-hidden="true" focusable="false" data-prefix="fas" data-icon="list-ul" class="svg-inline--fa fa-list-ul " role="img" xmlns="http://www.w3.org/2000/svg" viewBox="0 0 512 512" font-size="16px" name="list-ul">
                                                <path fill="currentColor" d="M64 144a48 48 0 1 0 0-96 48 48 0 1 0 0 96zM192 64c-17.7 0-32 14.3-32 32s14.3 32 32 32l288 0c17.7 0 32-14.3 32-32s-14.3-32-32-32L192 64zm0 160c-17.7 0-32 14.3-32 32s14.3 32 32 32l288 0c17.7 0 32-14.3 32-32s-14.3-32-32-32l-288 0zm0 160c-17.7 0-32 14.3-32 32s14.3 32 32 32l288 0c17.7 0 32-14.3 32-32s-14.3-32-32-32l-288 0zM64 464a48 48 0 1 0 0-96 48 48 0 1 0 0 96zm48-208a48 48 0 1 0 -96 0 48 48 0 1 0 96 0z"></path>
                                            </svg>
                                            <span color="inherit" class="Typographystyled__Typography-sc-1by6236-0 eWMUii">add to list</span>
                                        </button>
                                    </div>
                                </div>
                                <div data-testid="product-card-container" class="sc-dcecc41d-1 inacKu">
                                    <a class="sc-aec2bbd8-0 goNaNy sc-dcecc41d-0 fBmNkX" href="/product/fresh-blueberries-11-oz/1146492">
                                        <div class="sc-dcecc41d-3 fobvDD">
                                            <div class="sc-dcecc41d-7 kSjHOg">
                                                <div data-testid="productCardImage" class="sc-9d45f00f-1 gefqin">
                                                    <img loading="lazy" src="https://images.heb.com/is/image/HEBGrocery/001146492-1?hei=416&amp;wid=416&amp;defaultimage=CentralMarketLogo_t750x550" aria-label="product image of Fresh Blueberries, 11 oz" width="416" class="sc-9d45f00f-0 isjpEI"/>
                                                </div>
                                            </div>
                                        </div>
                                    </a>
                                    <div class="sc-dcecc41d-5 laYwjn">
                                        <div data-testid="pdp-price" class="sc-fee43095-0 eHbBoZ">
                                            <span class="Typographystyled__Typography-sc-1by6236-0 gbsXyt sc-fee43095-1 eXMKIX">$4.99
                                            <!-- -->
                                            <!-- -->
                                            ea</span>
                                        </div>
                                        <a class="sc-aec2bbd8-0 goNaNy sc-dcecc41d-0 fBmNkX" href="/product/fresh-blueberries-11-oz/1146492">
                                            <span data-testid="productCardTitle" class="Typographystyled__Typography-sc-1by6236-0 iaVbLh">Fresh Blueberries, 11 oz</span>
                                        </a>
                                    </div>
                                    <div class="sc-dcecc41d-4 gAOtNW">
                                        <div data-testid="addToCartButton" data-analytics-id="add-to-cart-group" class="sc-14d9bbe-6 iDQyvk">
                                            <div>
                                                <div data-analytics-id="add-to-cart-button" class="sc-14d9bbe-2 juOpgc">
                                                    <button data-testid="add-to-cart-btn" class="GlobalStyleWrapperstyled__GlobalStyleWrapper-sc-gg5ed3-0 Core__Flex-sc-1a2z39r-0 Buttonstyled__Button-sc-17hrfrr-0 bZmixu PVisF jKBZbv sc-14d9bbe-0 inPljW">
                                                        <span color="inherit" class="Typographystyled__Typography-sc-1by6236-0 eWMUii">Add to Cart</span>
                                                    </button>
                                                </div>
                                            </div>
                                        </div>
                                        <div class="sc-14d9bbe-4 heCQab"></div>
                                        <button data-testid="add-to-list-button" class="GlobalStyleWrapperstyled__GlobalStyleWrapper-sc-gg5ed3-0 Core__Flex-sc-1a2z39r-0 Buttonstyled__Button-sc-17hrfrr-0 bZmixu PVisF jLZhDm">
                                            <svg aria-hidden="true" focusable="false" data-prefix="fas" data-icon="list-ul" class="svg-inline--fa fa-list-ul " role="img" xmlns="http://www.w3.org/2000/svg" viewBox="0 0 512 512" font-size="16px" name="list-ul">
                                                <path fill="currentColor" d="M64 144a48 48 0 1 0 0-96 48 48 0 1 0 0 96zM192 64c-17.7 0-32 14.3-32 32s14.3 32 32 32l288 0c17.7 0 32-14.3 32-32s-14.3-32-32-32L192 64zm0 160c-17.7 0-32 14.3-32 32s14.3 32 32 32l288 0c17.7 0 32-14.3 32-32s-14.3-32-32-32l-288 0zm0 160c-17.7 0-32 14.3-32 32s14.3 32 32 32l288 0c17.7 0 32-14.3 32-32s-14.3-32-32-32l-288 0zM64 464a48 48 0 1 0 0-96 48 48 0 1 0 0 96zm48-208a48 48 0 1 0 -96 0 48 48 0 1 0 96 0z"></path>
                                            </svg>
                                            <span color="inherit" class="Typographystyled__Typography-sc-1by6236-0 eWMUii">add to list</span>
                                        </button>
                                    </div>
                                </div>
                                <div data-testid="product-card-container" class="sc-dcecc41d-1 inacKu">
                                    <a class="sc-aec2bbd8-0 goNaNy sc-dcecc41d-0 fBmNkX" href="/product/fresh-small-lemon-each/375185">
                                        <div class="sc-dcecc41d-3 fobvDD">
                                            <div class="sc-dcecc41d-7 kSjHOg">
                                                <div data-testid="productCardImage" class="sc-9d45f00f-1 gefqin">
                                                    <img loading="lazy" src="https://images.heb.com/is/image/HEBGrocery/000375185-1?hei=416&amp;wid=416&amp;defaultimage=CentralMarketLogo_t750x550" aria-label="product image of Fresh Small Lemon, Each" width="416" class="sc-9d45f00f-0 isjpEI"/>
                                                </div>
                                            </div>
                                        </div>
                                    </a>
                                    <div class="sc-dcecc41d-5 laYwjn">
                                        <div data-testid="pdp-price" class="sc-fee43095-0 eHbBoZ">
                                            <span class="Typographystyled__Typography-sc-1by6236-0 gbsXyt sc-fee43095-1 eXMKIX">2 for $1.00
                                            <!-- -->
                                            </span>
                                        </div>
                                        <a class="sc-aec2bbd8-0 goNaNy sc-dcecc41d-0 fBmNkX" href="/product/fresh-small-lemon-each/375185">
                                            <span data-testid="productCardTitle" class="Typographystyled__Typography-sc-1by6236-0 iaVbLh">Fresh Small Lemon, Each</span>
                                        </a>
                                    </div>
                                    <div class="sc-dcecc41d-4 gAOtNW">
                                        <div data-testid="addToCartButton" data-analytics-id="add-to-cart-group" class="sc-14d9bbe-6 iDQyvk">
                                            <div>
                                                <div data-analytics-id="add-to-cart-button" class="sc-14d9bbe-2 juOpgc">
                                                    <button data-testid="add-to-cart-btn" class="GlobalStyleWrapperstyled__GlobalStyleWrapper-sc-gg5ed3-0 Core__Flex-sc-1a2z39r-0 Buttonstyled__Button-sc-17hrfrr-0 bZmixu PVisF jKBZbv sc-14d9bbe-0 inPljW">
                                                        <span color="inherit" class="Typographystyled__Typography-sc-1by6236-0 eWMUii">Add to Cart</span>
                                                    </button>
                                                </div>
                                            </div>
                                        </div>
                                        <div class="sc-14d9bbe-4 heCQab"></div>
                                        <button data-testid="add-to-list-button" class="GlobalStyleWrapperstyled__GlobalStyleWrapper-sc-gg5ed3-0 Core__Flex-sc-1a2z39r-0 Buttonstyled__Button-sc-17hrfrr-0 bZmixu PVisF jLZhDm">
                                            <svg aria-hidden="true" focusable="false" data-prefix="fas" data-icon="list-ul" class="svg-inline--fa fa-list-ul " role="img" xmlns="http://www.w3.org/2000/svg" viewBox="0 0 512 512" font-size="16px" name="list-ul">
                                                <path fill="currentColor" d="M64 144a48 48 0 1 0 0-96 48 48 0 1 0 0 96zM192 64c-17.7 0-32 14.3-32 32s14.3 32 32 32l288 0c17.7 0 32-14.3 32-32s-14.3-32-32-32L192 64zm0 160c-17.7 0-32 14.3-32 32s14.3 32 32 32l288 0c17.7 0 32-14.3 32-32s-14.3-32-32-32l-288 0zm0 160c-17.7 0-32 14.3-32 32s14.3 32 32 32l288 0c17.7 0 32-14.3 32-32s-14.3-32-32-32l-288 0zM64 464a48 48 0 1 0 0-96 48 48 0 1 0 0 96zm48-208a48 48 0 1 0 -96 0 48 48 0 1 0 96 0z"></path>
                                            </svg>
                                            <span color="inherit" class="Typographystyled__Typography-sc-1by6236-0 eWMUii">add to list</span>
                                        </button>
                                    </div>
                                </div>
                                <div data-testid="product-card-container" class="sc-dcecc41d-1 inacKu">
                                    <a class="sc-aec2bbd8-0 goNaNy sc-dcecc41d-0 fBmNkX" href="/product/fresh-jumbo-blueberries-98-oz/1669538">
                                        <div class="sc-dcecc41d-3 fobvDD">
                                            <div class="sc-dcecc41d-7 kSjHOg">
                                                <div data-testid="productCardImage" class="sc-9d45f00f-1 gefqin">
                                                    <img loading="lazy" src="https://images.heb.com/is/image/HEBGrocery/001669538-1?hei=416&amp;wid=416&amp;defaultimage=CentralMarketLogo_t750x550" aria-label="product image of Fresh Jumbo Blueberries, 9.8 oz" width="416" class="sc-9d45f00f-0 isjpEI"/>
                                                </div>
                                            </div>
                                        </div>
                                    </a>
                                    <div class="sc-dcecc41d-5 laYwjn">
                                        <div data-testid="pdp-price" class="sc-fee43095-0 eHbBoZ">
                                            <span class="Typographystyled__Typography-sc-1by6236-0 gbsXyt sc-fee43095-1 eXMKIX">$5.98
                                            <!-- -->
                                            <!-- -->
                                            ea</span>
                                        </div>
                                        <a class="sc-aec2bbd8-0 goNaNy sc-dcecc41d-0 fBmNkX" href="/product/fresh-jumbo-blueberries-98-oz/1669538">
                                            <span data-testid="productCardTitle" class="Typographystyled__Typography-sc-1by6236-0 iaVbLh">Fresh Jumbo Blueberries, 9.8 oz</span>
                                        </a>
                                    </div>
                                    <div class="sc-dcecc41d-4 gAOtNW">
                                        <div data-testid="addToCartButton" data-analytics-id="add-to-cart-group" class="sc-14d9bbe-6 iDQyvk">
                                            <div>
                                                <div data-analytics-id="add-to-cart-button" class="sc-14d9bbe-2 juOpgc">
                                                    <button data-testid="add-to-cart-btn" class="GlobalStyleWrapperstyled__GlobalStyleWrapper-sc-gg5ed3-0 Core__Flex-sc-1a2z39r-0 Buttonstyled__Button-sc-17hrfrr-0 bZmixu PVisF jKBZbv sc-14d9bbe-0 inPljW">
                                                        <span color="inherit" class="Typographystyled__Typography-sc-1by6236-0 eWMUii">Add to Cart</span>
                                                    </button>
                                                </div>
                                            </div>
                                        </div>
                                        <div class="sc-14d9bbe-4 heCQab"></div>
                                        <button data-testid="add-to-list-button" class="GlobalStyleWrapperstyled__GlobalStyleWrapper-sc-gg5ed3-0 Core__Flex-sc-1a2z39r-0 Buttonstyled__Button-sc-17hrfrr-0 bZmixu PVisF jLZhDm">
                                            <svg aria-hidden="true" focusable="false" data-prefix="fas" data-icon="list-ul" class="svg-inline--fa fa-list-ul " role="img" xmlns="http://www.w3.org/2000/svg" viewBox="0 0 512 512" font-size="16px" name="list-ul">
                                                <path fill="currentColor" d="M64 144a48 48 0 1 0 0-96 48 48 0 1 0 0 96zM192 64c-17.7 0-32 14.3-32 32s14.3 32 32 32l288 0c17.7 0 32-14.3 32-32s-14.3-32-32-32L192 64zm0 160c-17.7 0-32 14.3-32 32s14.3 32 32 32l288 0c17.7 0 32-14.3 32-32s-14.3-32-32-32l-288 0zm0 160c-17.7 0-32 14.3-32 32s14.3 32 32 32l288 0c17.7 0 32-14.3 32-32s-14.3-32-32-32l-288 0zM64 464a48 48 0 1 0 0-96 48 48 0 1 0 0 96zm48-208a48 48 0 1 0 -96 0 48 48 0 1 0 96 0z"></path>
                                            </svg>
                                            <span color="inherit" class="Typographystyled__Typography-sc-1by6236-0 eWMUii">add to list</span>
                                        </button>
                                    </div>
                                </div>
                                <div data-testid="product-card-container" class="sc-dcecc41d-1 inacKu">
                                    <a class="sc-aec2bbd8-0 goNaNy sc-dcecc41d-0 fBmNkX" href="/product/fresh-large-mango-each/321109">
                                        <div class="sc-dcecc41d-3 fobvDD">
                                            <div class="sc-dcecc41d-7 kSjHOg">
                                                <div data-testid="productCardImage" class="sc-9d45f00f-1 gefqin">
                                                    <img loading="lazy" src="https://images.heb.com/is/image/HEBGrocery/000321109-1?hei=416&amp;wid=416&amp;defaultimage=CentralMarketLogo_t750x550" aria-label="product image of Fresh Large Mango, Each" width="416" class="sc-9d45f00f-0 isjpEI"/>
                                                </div>
                                            </div>
                                        </div>
                                    </a>
                                    <div class="sc-dcecc41d-5 laYwjn">
                                        <div data-testid="pdp-price" class="sc-fee43095-0 eHbBoZ">
                                            <span class="Typographystyled__Typography-sc-1by6236-0 gbsXyt sc-fee43095-1 eXMKIX">$2.25
                                            <!-- -->
                                            <!-- -->
                                            ea</span>
                                        </div>
                                        <a class="sc-aec2bbd8-0 goNaNy sc-dcecc41d-0 fBmNkX" href="/product/fresh-large-mango-each/321109">
                                            <span data-testid="productCardTitle" class="Typographystyled__Typography-sc-1by6236-0 iaVbLh">Fresh Large Mango, Each</span>
                                        </a>
                                    </div>
                                    <div class="sc-dcecc41d-4 gAOtNW">
                                        <div data-testid="addToCartButton" data-analytics-id="add-to-cart-group" class="sc-14d9bbe-6 iDQyvk">
                                            <div>
                                                <div data-analytics-id="add-to-cart-button" class="sc-14d9bbe-2 juOpgc">
                                                    <button data-testid="add-to-cart-btn" class="GlobalStyleWrapperstyled__GlobalStyleWrapper-sc-gg5ed3-0 Core__Flex-sc-1a2z39r-0 Buttonstyled__Button-sc-17hrfrr-0 bZmixu PVisF jKBZbv sc-14d9bbe-0 inPljW">
                                                        <span color="inherit" class="Typographystyled__Typography-sc-1by6236-0 eWMUii">Add to Cart</span>
                                                    </button>
                                                </div>
                                            </div>
                                        </div>
                                        <div class="sc-14d9bbe-4 heCQab"></div>
                                        <button data-testid="add-to-list-button" class="GlobalStyleWrapperstyled__GlobalStyleWrapper-sc-gg5ed3-0 Core__Flex-sc-1a2z39r-0 Buttonstyled__Button-sc-17hrfrr-0 bZmixu PVisF jLZhDm">
                                            <svg aria-hidden="true" focusable="false" data-prefix="fas" data-icon="list-ul" class="svg-inline--fa fa-list-ul " role="img" xmlns="http://www.w3.org/2000/svg" viewBox="0 0 512 512" font-size="16px" name="list-ul">
                                                <path fill="currentColor" d="M64 144a48 48 0 1 0 0-96 48 48 0 1 0 0 96zM192 64c-17.7 0-32 14.3-32 32s14.3 32 32 32l288 0c17.7 0 32-14.3 32-32s-14.3-32-32-32L192 64zm0 160c-17.7 0-32 14.3-32 32s14.3 32 32 32l288 0c17.7 0 32-14.3 32-32s-14.3-32-32-32l-288 0zm0 160c-17.7 0-32 14.3-32 32s14.3 32 32 32l288 0c17.7 0 32-14.3 32-32s-14.3-32-32-32l-288 0zM64 464a48 48 0 1 0 0-96 48 48 0 1 0 0 96zm48-208a48 48 0 1 0 -96 0 48 48 0 1 0 96 0z"></path>
                                            </svg>
                                            <span color="inherit" class="Typographystyled__Typography-sc-1by6236-0 eWMUii">add to list</span>
                                        </button>
                                    </div>
                                </div>
                                <div data-testid="product-card-container" class="sc-dcecc41d-1 inacKu">
                                    <a class="sc-aec2bbd8-0 goNaNy sc-dcecc41d-0 fBmNkX" href="/product/fresh-red-scarlet-rose-dragon-fruit-each/15400074">
                                        <div class="sc-dcecc41d-3 fobvDD">
                                            <div class="sc-dcecc41d-7 kSjHOg">
                                                <div data-testid="productCardImage" class="sc-9d45f00f-1 gefqin">
                                                    <img loading="lazy" src="https://images.heb.com/is/image/HEBGrocery/015400074-1?hei=416&amp;wid=416&amp;defaultimage=CentralMarketLogo_t750x550" aria-label="product image of Fresh Red Scarlet Rose Dragon Fruit, Each" width="416" class="sc-9d45f00f-0 isjpEI"/>
                                                </div>
                                            </div>
                                        </div>
                                    </a>
                                    <div class="sc-dcecc41d-5 laYwjn">
                                        <div data-testid="pdp-price" class="sc-fee43095-0 eHbBoZ">
                                            <span class="Typographystyled__Typography-sc-1by6236-0 gbsXyt sc-fee43095-1 eXMKIX">$4.98
                                            <!-- -->
                                            <!-- -->
                                            ea</span>
                                        </div>
                                        <a class="sc-aec2bbd8-0 goNaNy sc-dcecc41d-0 fBmNkX" href="/product/fresh-red-scarlet-rose-dragon-fruit-each/15400074">
                                            <span data-testid="productCardTitle" class="Typographystyled__Typography-sc-1by6236-0 iaVbLh">Fresh Red Scarlet Rose Dragon Fruit, Each</span>
                                        </a>
                                    </div>
                                    <div class="sc-dcecc41d-4 gAOtNW">
                                        <div data-testid="addToCartButton" data-analytics-id="add-to-cart-group" class="sc-14d9bbe-6 iDQyvk">
                                            <div>
                                                <div data-analytics-id="add-to-cart-button" class="sc-14d9bbe-2 juOpgc">
                                                    <button data-testid="add-to-cart-btn" class="GlobalStyleWrapperstyled__GlobalStyleWrapper-sc-gg5ed3-0 Core__Flex-sc-1a2z39r-0 Buttonstyled__Button-sc-17hrfrr-0 bZmixu PVisF jKBZbv sc-14d9bbe-0 inPljW">
                                                        <span color="inherit" class="Typographystyled__Typography-sc-1by6236-0 eWMUii">Add to Cart</span>
                                                    </button>
                                                </div>
                                            </div>
                                        </div>
                                        <div class="sc-14d9bbe-4 heCQab"></div>
                                        <button data-testid="add-to-list-button" class="GlobalStyleWrapperstyled__GlobalStyleWrapper-sc-gg5ed3-0 Core__Flex-sc-1a2z39r-0 Buttonstyled__Button-sc-17hrfrr-0 bZmixu PVisF jLZhDm">
                                            <svg aria-hidden="true" focusable="false" data-prefix="fas" data-icon="list-ul" class="svg-inline--fa fa-list-ul " role="img" xmlns="http://www.w3.org/2000/svg" viewBox="0 0 512 512" font-size="16px" name="list-ul">
                                                <path fill="currentColor" d="M64 144a48 48 0 1 0 0-96 48 48 0 1 0 0 96zM192 64c-17.7 0-32 14.3-32 32s14.3 32 32 32l288 0c17.7 0 32-14.3 32-32s-14.3-32-32-32L192 64zm0 160c-17.7 0-32 14.3-32 32s14.3 32 32 32l288 0c17.7 0 32-14.3 32-32s-14.3-32-32-32l-288 0zm0 160c-17.7 0-32 14.3-32 32s14.3 32 32 32l288 0c17.7 0 32-14.3 32-32s-14.3-32-32-32l-288 0zM64 464a48 48 0 1 0 0-96 48 48 0 1 0 0 96zm48-208a48 48 0 1 0 -96 0 48 48 0 1 0 96 0z"></path>
                                            </svg>
                                            <span color="inherit" class="Typographystyled__Typography-sc-1by6236-0 eWMUii">add to list</span>
                                        </button>
                                    </div>
                                </div>
                                <div data-testid="product-card-container" class="sc-dcecc41d-1 inacKu">
                                    <a class="sc-aec2bbd8-0 goNaNy sc-dcecc41d-0 fBmNkX" href="/product/fresh-raspberries-6-oz/321289">
                                        <div class="sc-dcecc41d-3 fobvDD">
                                            <div class="sc-dcecc41d-7 kSjHOg">
                                                <div data-testid="productCardImage" class="sc-9d45f00f-1 gefqin">
                                                    <img loading="lazy" src="https://images.heb.com/is/image/HEBGrocery/000321289-1?hei=416&amp;wid=416&amp;defaultimage=CentralMarketLogo_t750x550" aria-label="product image of Fresh Raspberries, 6 oz" width="416" class="sc-9d45f00f-0 isjpEI"/>
                                                </div>
                                            </div>
                                        </div>
                                    </a>
                                    <div class="sc-dcecc41d-5 laYwjn">
                                        <div data-testid="pdp-price" class="sc-fee43095-0 eHbBoZ">
                                            <span class="Typographystyled__Typography-sc-1by6236-0 gbsXyt sc-fee43095-1 eXMKIX">$3.49
                                            <!-- -->
                                            <!-- -->
                                            ea</span>
                                        </div>
                                        <a class="sc-aec2bbd8-0 goNaNy sc-dcecc41d-0 fBmNkX" href="/product/fresh-raspberries-6-oz/321289">
                                            <span data-testid="productCardTitle" class="Typographystyled__Typography-sc-1by6236-0 iaVbLh">Fresh Raspberries, 6 oz</span>
                                        </a>
                                    </div>
                                    <div class="sc-dcecc41d-4 gAOtNW">
                                        <div data-testid="addToCartButton" data-analytics-id="add-to-cart-group" class="sc-14d9bbe-6 iDQyvk">
                                            <div>
                                                <div data-analytics-id="add-to-cart-button" class="sc-14d9bbe-2 juOpgc">
                                                    <button data-testid="add-to-cart-btn" class="GlobalStyleWrapperstyled__GlobalStyleWrapper-sc-gg5ed3-0 Core__Flex-sc-1a2z39r-0 Buttonstyled__Button-sc-17hrfrr-0 bZmixu PVisF jKBZbv sc-14d9bbe-0 inPljW">
                                                        <span color="inherit" class="Typographystyled__Typography-sc-1by6236-0 eWMUii">Add to Cart</span>
                                                    </button>
                                                </div>
                                            </div>
                                        </div>
                                        <div class="sc-14d9bbe-4 heCQab"></div>
                                        <button data-testid="add-to-list-button" class="GlobalStyleWrapperstyled__GlobalStyleWrapper-sc-gg5ed3-0 Core__Flex-sc-1a2z39r-0 Buttonstyled__Button-sc-17hrfrr-0 bZmixu PVisF jLZhDm">
                                            <svg aria-hidden="true" focusable="false" data-prefix="fas" data-icon="list-ul" class="svg-inline--fa fa-list-ul " role="img" xmlns="http://www.w3.org/2000/svg" viewBox="0 0 512 512" font-size="16px" name="list-ul">
                                                <path fill="currentColor" d="M64 144a48 48 0 1 0 0-96 48 48 0 1 0 0 96zM192 64c-17.7 0-32 14.3-32 32s14.3 32 32 32l288 0c17.7 0 32-14.3 32-32s-14.3-32-32-32L192 64zm0 160c-17.7 0-32 14.3-32 32s14.3 32 32 32l288 0c17.7 0 32-14.3 32-32s-14.3-32-32-32l-288 0zm0 160c-17.7 0-32 14.3-32 32s14.3 32 32 32l288 0c17.7 0 32-14.3 32-32s-14.3-32-32-32l-288 0zM64 464a48 48 0 1 0 0-96 48 48 0 1 0 0 96zm48-208a48 48 0 1 0 -96 0 48 48 0 1 0 96 0z"></path>
                                            </svg>
                                            <span color="inherit" class="Typographystyled__Typography-sc-1by6236-0 eWMUii">add to list</span>
                                        </button>
                                    </div>
                                </div>
                                <div data-testid="product-card-container" class="sc-dcecc41d-1 inacKu">
                                    <a class="sc-aec2bbd8-0 goNaNy sc-dcecc41d-0 fBmNkX" href="/product/fresh-organic-honeycrisp-apples/471244">
                                        <div class="sc-dcecc41d-3 fobvDD">
                                            <div class="sc-dcecc41d-7 kSjHOg">
                                                <div data-testid="productCardImage" class="sc-9d45f00f-1 gefqin">
                                                    <img loading="lazy" src="https://images.heb.com/is/image/HEBGrocery/000471244-1?hei=416&amp;wid=416&amp;defaultimage=CentralMarketLogo_t750x550" aria-label="product image of Fresh Organic Honeycrisp Apples" width="416" class="sc-9d45f00f-0 isjpEI"/>
                                                </div>
                                            </div>
                                        </div>
                                    </a>
                                    <div class="sc-dcecc41d-5 laYwjn">
                                        <div data-testid="pdp-price" class="sc-fee43095-0 eHbBoZ">
                                            <span class="Typographystyled__Typography-sc-1by6236-0 gbsXyt sc-fee43095-1 eXMKIX">$2.26
                                            <!-- -->
                                            <!-- -->
                                            ea</span>
                                        </div>
                                        <a class="sc-aec2bbd8-0 goNaNy sc-dcecc41d-0 fBmNkX" href="/product/fresh-organic-honeycrisp-apples/471244">
                                            <span data-testid="productCardTitle" class="Typographystyled__Typography-sc-1by6236-0 iaVbLh">Fresh Organic Honeycrisp Apples</span>
                                        </a>
                                        <div data-testid="product-eawt-info" class="sc-b8807e3a-0 gaIkre">
                                            <div class="sc-b8807e3a-1 mflCu">
                                                <div class="GlobalStyleWrapperstyled__GlobalStyleWrapper-sc-gg5ed3-0 Tagstyled__TagWrapper-sc-yr57by-0 bZmixu kzHTmh">
                                                    <span color="#2B2B2C" class="Typographystyled__Typography-sc-1by6236-0 iaVbLh">Avg. 0.65 lb</span>
                                                </div>
                                                <span class="Typographystyled__Typography-sc-1by6236-0 iaVbLh">$3.49 / lb</span>
                                            </div>
                                        </div>
                                    </div>
                                    <div class="sc-dcecc41d-4 gAOtNW">
                                        <div data-testid="addToCartButton" data-analytics-id="add-to-cart-group" class="sc-14d9bbe-6 iDQyvk">
                                            <div>
                                                <div data-analytics-id="add-to-cart-button" class="sc-14d9bbe-2 juOpgc">
                                                    <button data-testid="add-to-cart-btn" class="GlobalStyleWrapperstyled__GlobalStyleWrapper-sc-gg5ed3-0 Core__Flex-sc-1a2z39r-0 Buttonstyled__Button-sc-17hrfrr-0 bZmixu PVisF jKBZbv sc-14d9bbe-0 inPljW">
                                                        <span color="inherit" class="Typographystyled__Typography-sc-1by6236-0 eWMUii">Add to Cart</span>
                                                    </button>
                                                </div>
                                            </div>
                                        </div>
                                        <div class="sc-14d9bbe-4 heCQab"></div>
                                        <button data-testid="add-to-list-button" class="GlobalStyleWrapperstyled__GlobalStyleWrapper-sc-gg5ed3-0 Core__Flex-sc-1a2z39r-0 Buttonstyled__Button-sc-17hrfrr-0 bZmixu PVisF jLZhDm">
                                            <svg aria-hidden="true" focusable="false" data-prefix="fas" data-icon="list-ul" class="svg-inline--fa fa-list-ul " role="img" xmlns="http://www.w3.org/2000/svg" viewBox="0 0 512 512" font-size="16px" name="list-ul">
                                                <path fill="currentColor" d="M64 144a48 48 0 1 0 0-96 48 48 0 1 0 0 96zM192 64c-17.7 0-32 14.3-32 32s14.3 32 32 32l288 0c17.7 0 32-14.3 32-32s-14.3-32-32-32L192 64zm0 160c-17.7 0-32 14.3-32 32s14.3 32 32 32l288 0c17.7 0 32-14.3 32-32s-14.3-32-32-32l-288 0zm0 160c-17.7 0-32 14.3-32 32s14.3 32 32 32l288 0c17.7 0 32-14.3 32-32s-14.3-32-32-32l-288 0zM64 464a48 48 0 1 0 0-96 48 48 0 1 0 0 96zm48-208a48 48 0 1 0 -96 0 48 48 0 1 0 96 0z"></path>
                                            </svg>
                                            <span color="inherit" class="Typographystyled__Typography-sc-1by6236-0 eWMUii">add to list</span>
                                        </button>
                                    </div>
                                </div>
                                <div data-testid="product-card-container" class="sc-dcecc41d-1 inacKu">
                                    <a class="sc-aec2bbd8-0 goNaNy sc-dcecc41d-0 fBmNkX" href="/product/fresh-holiday-red-seedless-grapes/1525045">
                                        <div class="sc-dcecc41d-3 fobvDD">
                                            <div class="sc-dcecc41d-7 kSjHOg">
                                                <div data-testid="productCardImage" class="sc-9d45f00f-1 gefqin">
                                                    <img loading="lazy" src="https://images.heb.com/is/image/HEBGrocery/001525045-1?hei=416&amp;wid=416&amp;defaultimage=CentralMarketLogo_t750x550" aria-label="product image of Fresh Holiday Red Seedless Grapes" width="416" class="sc-9d45f00f-0 isjpEI"/>
                                                </div>
                                            </div>
                                        </div>
                                    </a>
                                    <div class="sc-dcecc41d-5 laYwjn">
                                        <div data-testid="pdp-price" class="sc-fee43095-0 eHbBoZ">
                                            <span class="Typographystyled__Typography-sc-1by6236-0 gbsXyt sc-fee43095-1 eXMKIX">$5.96
                                            <!-- -->
                                            <!-- -->
                                            ea</span>
                                        </div>
                                        <a class="sc-aec2bbd8-0 goNaNy sc-dcecc41d-0 fBmNkX" href="/product/fresh-holiday-red-seedless-grapes/1525045">
                                            <span data-testid="productCardTitle" class="Typographystyled__Typography-sc-1by6236-0 iaVbLh">Fresh Holiday Red Seedless Grapes</span>
                                        </a>
                                        <div data-testid="product-eawt-info" class="sc-b8807e3a-0 gaIkre">
                                            <div class="sc-b8807e3a-1 mflCu">
                                                <div class="GlobalStyleWrapperstyled__GlobalStyleWrapper-sc-gg5ed3-0 Tagstyled__TagWrapper-sc-yr57by-0 bZmixu kzHTmh">
                                                    <span color="#2B2B2C" class="Typographystyled__Typography-sc-1by6236-0 iaVbLh">Avg. 2 lb</span>
                                                </div>
                                                <span class="Typographystyled__Typography-sc-1by6236-0 iaVbLh">$2.98 / lb</span>
                                            </div>
                                        </div>
                                    </div>
                                    <div class="sc-dcecc41d-4 gAOtNW">
                                        <div data-testid="addToCartButton" data-analytics-id="add-to-cart-group" class="sc-14d9bbe-6 iDQyvk">
                                            <div>
                                                <div data-analytics-id="add-to-cart-button" class="sc-14d9bbe-2 juOpgc">
                                                    <button data-testid="add-to-cart-btn" class="GlobalStyleWrapperstyled__GlobalStyleWrapper-sc-gg5ed3-0 Core__Flex-sc-1a2z39r-0 Buttonstyled__Button-sc-17hrfrr-0 bZmixu PVisF jKBZbv sc-14d9bbe-0 inPljW">
                                                        <span color="inherit" class="Typographystyled__Typography-sc-1by6236-0 eWMUii">Add to Cart</span>
                                                    </button>
                                                </div>
                                            </div>
                                        </div>
                                        <div class="sc-14d9bbe-4 heCQab"></div>
                                        <button data-testid="add-to-list-button" class="GlobalStyleWrapperstyled__GlobalStyleWrapper-sc-gg5ed3-0 Core__Flex-sc-1a2z39r-0 Buttonstyled__Button-sc-17hrfrr-0 bZmixu PVisF jLZhDm">
                                            <svg aria-hidden="true" focusable="false" data-prefix="fas" data-icon="list-ul" class="svg-inline--fa fa-list-ul " role="img" xmlns="http://www.w3.org/2000/svg" viewBox="0 0 512 512" font-size="16px" name="list-ul">
                                                <path fill="currentColor" d="M64 144a48 48 0 1 0 0-96 48 48 0 1 0 0 96zM192 64c-17.7 0-32 14.3-32 32s14.3 32 32 32l288 0c17.7 0 32-14.3 32-32s-14.3-32-32-32L192 64zm0 160c-17.7 0-32 14.3-32 32s14.3 32 32 32l288 0c17.7 0 32-14.3 32-32s-14.3-32-32-32l-288 0zm0 160c-17.7 0-32 14.3-32 32s14.3 32 32 32l288 0c17.7 0 32-14.3 32-32s-14.3-32-32-32l-288 0zM64 464a48 48 0 1 0 0-96 48 48 0 1 0 0 96zm48-208a48 48 0 1 0 -96 0 48 48 0 1 0 96 0z"></path>
                                            </svg>
                                            <span color="inherit" class="Typographystyled__Typography-sc-1by6236-0 eWMUii">add to list</span>
                                        </button>
                                    </div>
                                </div>
                                <div data-testid="product-card-container" class="sc-dcecc41d-1 inacKu">
                                    <a class="sc-aec2bbd8-0 goNaNy sc-dcecc41d-0 fBmNkX" href="/product/fresh-large-navel-orange/375169">
                                        <div class="sc-dcecc41d-3 fobvDD">
                                            <div class="sc-dcecc41d-7 kSjHOg">
                                                <div data-testid="productCardImage" class="sc-9d45f00f-1 gefqin">
                                                    <img loading="lazy" src="https://images.heb.com/is/image/HEBGrocery/000375169-1?hei=416&amp;wid=416&amp;defaultimage=CentralMarketLogo_t750x550" aria-label="product image of Fresh Large Navel Orange" width="416" class="sc-9d45f00f-0 isjpEI"/>
                                                </div>
                                            </div>
                                        </div>
                                    </a>
                                    <div class="sc-dcecc41d-5 laYwjn">
                                        <div data-testid="pdp-price" class="sc-fee43095-0 eHbBoZ">
                                            <span class="Typographystyled__Typography-sc-1by6236-0 gbsXyt sc-fee43095-1 eXMKIX">$1.04
                                            <!-- -->
                                            <!-- -->
                                            ea</span>
                                        </div>
                                        <a class="sc-aec2bbd8-0 goNaNy sc-dcecc41d-0 fBmNkX" href="/product/fresh-large-navel-orange/375169">
                                            <span data-testid="productCardTitle" class="Typographystyled__Typography-sc-1by6236-0 iaVbLh">Fresh Large Navel Orange</span>
                                        </a>
                                        <div data-testid="product-eawt-info" class="sc-b8807e3a-0 gaIkre">
                                            <div class="sc-b8807e3a-1 mflCu">
                                                <div class="GlobalStyleWrapperstyled__GlobalStyleWrapper-sc-gg5ed3-0 Tagstyled__TagWrapper-sc-yr57by-0 bZmixu kzHTmh">
                                                    <span color="#2B2B2C" class="Typographystyled__Typography-sc-1by6236-0 iaVbLh">Avg. 0.62 lb</span>
                                                </div>
                                                <span class="Typographystyled__Typography-sc-1by6236-0 iaVbLh">$1.68 / lb</span>
                                            </div>
                                        </div>
                                    </div>
                                    <div class="sc-dcecc41d-4 gAOtNW">
                                        <div data-testid="addToCartButton" data-analytics-id="add-to-cart-group" class="sc-14d9bbe-6 iDQyvk">
                                            <div>
                                                <div data-analytics-id="add-to-cart-button" class="sc-14d9bbe-2 juOpgc">
                                                    <button data-testid="add-to-cart-btn" class="GlobalStyleWrapperstyled__GlobalStyleWrapper-sc-gg5ed3-0 Core__Flex-sc-1a2z39r-0 Buttonstyled__Button-sc-17hrfrr-0 bZmixu PVisF jKBZbv sc-14d9bbe-0 inPljW">
                                                        <span color="inherit" class="Typographystyled__Typography-sc-1by6236-0 eWMUii">Add to Cart</span>
                                                    </button>
                                                </div>
                                            </div>
                                        </div>
                                        <div class="sc-14d9bbe-4 heCQab"></div>
                                        <button data-testid="add-to-list-button" class="GlobalStyleWrapperstyled__GlobalStyleWrapper-sc-gg5ed3-0 Core__Flex-sc-1a2z39r-0 Buttonstyled__Button-sc-17hrfrr-0 bZmixu PVisF jLZhDm">
                                            <svg aria-hidden="true" focusable="false" data-prefix="fas" data-icon="list-ul" class="svg-inline--fa fa-list-ul " role="img" xmlns="http://www.w3.org/2000/svg" viewBox="0 0 512 512" font-size="16px" name="list-ul">
                                                <path fill="currentColor" d="M64 144a48 48 0 1 0 0-96 48 48 0 1 0 0 96zM192 64c-17.7 0-32 14.3-32 32s14.3 32 32 32l288 0c17.7 0 32-14.3 32-32s-14.3-32-32-32L192 64zm0 160c-17.7 0-32 14.3-32 32s14.3 32 32 32l288 0c17.7 0 32-14.3 32-32s-14.3-32-32-32l-288 0zm0 160c-17.7 0-32 14.3-32 32s14.3 32 32 32l288 0c17.7 0 32-14.3 32-32s-14.3-32-32-32l-288 0zM64 464a48 48 0 1 0 0-96 48 48 0 1 0 0 96zm48-208a48 48 0 1 0 -96 0 48 48 0 1 0 96 0z"></path>
                                            </svg>
                                            <span color="inherit" class="Typographystyled__Typography-sc-1by6236-0 eWMUii">add to list</span>
                                        </button>
                                    </div>
                                </div>
                                <div data-testid="product-card-container" class="sc-dcecc41d-1 inacKu">
                                    <a class="sc-aec2bbd8-0 goNaNy sc-dcecc41d-0 fBmNkX" href="/product/fresh-bunch-of-organic-bananas-5-7-bananas/320228">
                                        <div class="sc-dcecc41d-3 fobvDD">
                                            <div class="sc-dcecc41d-7 kSjHOg">
                                                <div data-testid="productCardImage" class="sc-9d45f00f-1 gefqin">
                                                    <img loading="lazy" src="https://images.heb.com/is/image/HEBGrocery/000320228-1?hei=416&amp;wid=416&amp;defaultimage=CentralMarketLogo_t750x550" aria-label="product image of Fresh Bunch of Organic Bananas (5-7 Bananas)" width="416" class="sc-9d45f00f-0 isjpEI"/>
                                                </div>
                                            </div>
                                        </div>
                                    </a>
                                    <div class="sc-dcecc41d-5 laYwjn">
                                        <div data-testid="pdp-price" class="sc-fee43095-0 eHbBoZ">
                                            <span class="Typographystyled__Typography-sc-1by6236-0 gbsXyt sc-fee43095-1 eXMKIX">$1.81
                                            <!-- -->
                                            <!-- -->
                                            ea</span>
                                        </div>
                                        <a class="sc-aec2bbd8-0 goNaNy sc-dcecc41d-0 fBmNkX" href="/product/fresh-bunch-of-organic-bananas-5-7-bananas/320228">
                                            <span data-testid="productCardTitle" class="Typographystyled__Typography-sc-1by6236-0 iaVbLh">Fresh Bunch of Organic Bananas (5-7 Bananas)</span>
                                        </a>
                                        <div data-testid="product-eawt-info" class="sc-b8807e3a-0 gaIkre">
                                            <div class="sc-b8807e3a-1 mflCu">
                                                <div class="GlobalStyleWrapperstyled__GlobalStyleWrapper-sc-gg5ed3-0 Tagstyled__TagWrapper-sc-yr57by-0 bZmixu kzHTmh">
                                                    <span color="#2B2B2C" class="Typographystyled__Typography-sc-1by6236-0 iaVbLh">Avg. 2.425 lb</span>
                                                </div>
                                                <span class="Typographystyled__Typography-sc-1by6236-0 iaVbLh">$0.75 / lb</span>
                                            </div>
                                        </div>
                                    </div>
                                    <div class="sc-dcecc41d-4 gAOtNW">
                                        <div data-testid="addToCartButton" data-analytics-id="add-to-cart-group" class="sc-14d9bbe-6 iDQyvk">
                                            <div>
                                                <div data-analytics-id="add-to-cart-button" class="sc-14d9bbe-2 juOpgc">
                                                    <button data-testid="add-to-cart-btn" class="GlobalStyleWrapperstyled__GlobalStyleWrapper-sc-gg5ed3-0 Core__Flex-sc-1a2z39r-0 Buttonstyled__Button-sc-17hrfrr-0 bZmixu PVisF jKBZbv sc-14d9bbe-0 inPljW">
                                                        <span color="inherit" class="Typographystyled__Typography-sc-1by6236-0 eWMUii">Add to Cart</span>
                                                    </button>
                                                </div>
                                            </div>
                                        </div>
                                        <div class="sc-14d9bbe-4 heCQab"></div>
                                        <button data-testid="add-to-list-button" class="GlobalStyleWrapperstyled__GlobalStyleWrapper-sc-gg5ed3-0 Core__Flex-sc-1a2z39r-0 Buttonstyled__Button-sc-17hrfrr-0 bZmixu PVisF jLZhDm">
                                            <svg aria-hidden="true" focusable="false" data-prefix="fas" data-icon="list-ul" class="svg-inline--fa fa-list-ul " role="img" xmlns="http://www.w3.org/2000/svg" viewBox="0 0 512 512" font-size="16px" name="list-ul">
                                                <path fill="currentColor" d="M64 144a48 48 0 1 0 0-96 48 48 0 1 0 0 96zM192 64c-17.7 0-32 14.3-32 32s14.3 32 32 32l288 0c17.7 0 32-14.3 32-32s-14.3-32-32-32L192 64zm0 160c-17.7 0-32 14.3-32 32s14.3 32 32 32l288 0c17.7 0 32-14.3 32-32s-14.3-32-32-32l-288 0zm0 160c-17.7 0-32 14.3-32 32s14.3 32 32 32l288 0c17.7 0 32-14.3 32-32s-14.3-32-32-32l-288 0zM64 464a48 48 0 1 0 0-96 48 48 0 1 0 0 96zm48-208a48 48 0 1 0 -96 0 48 48 0 1 0 96 0z"></path>
                                            </svg>
                                            <span color="inherit" class="Typographystyled__Typography-sc-1by6236-0 eWMUii">add to list</span>
                                        </button>
                                    </div>
                                </div>
                                <div data-testid="product-card-container" class="sc-dcecc41d-1 inacKu">
                                    <a class="sc-aec2bbd8-0 goNaNy sc-dcecc41d-0 fBmNkX" href="/product/central-market-large-prepless-pineapple-chunks/1571639">
                                        <div class="sc-dcecc41d-3 fobvDD">
                                            <div class="sc-dcecc41d-7 kSjHOg">
                                                <div data-testid="productCardImage" class="sc-9d45f00f-1 gefqin">
                                                    <img loading="lazy" src="https://images.heb.com/is/image/HEBGrocery/001571639-1?hei=416&amp;wid=416&amp;defaultimage=CentralMarketLogo_t750x550" aria-label="product image of Central Market Large Prepless Pineapple Chunks" width="416" class="sc-9d45f00f-0 isjpEI"/>
                                                </div>
                                            </div>
                                        </div>
                                    </a>
                                    <div class="sc-dcecc41d-5 laYwjn">
                                        <div data-testid="pdp-price" class="sc-fee43095-0 eHbBoZ">
                                            <span class="Typographystyled__Typography-sc-1by6236-0 gbsXyt sc-fee43095-1 eXMKIX">$6.04
                                            <!-- -->
                                            <!-- -->
                                            ea</span>
                                        </div>
                                        <a class="sc-aec2bbd8-0 goNaNy sc-dcecc41d-0 fBmNkX" href="/product/central-market-large-prepless-pineapple-chunks/1571639">
                                            <span data-testid="productCardTitle" class="Typographystyled__Typography-sc-1by6236-0 iaVbLh">Central Market Large Prepless Pineapple Chunks</span>
                                        </a>
                                        <div data-testid="product-eawt-info" class="sc-b8807e3a-0 gaIkre">
                                            <div class="sc-b8807e3a-1 mflCu">
                                                <div class="GlobalStyleWrapperstyled__GlobalStyleWrapper-sc-gg5ed3-0 Tagstyled__TagWrapper-sc-yr57by-0 bZmixu kzHTmh">
                                                    <span color="#2B2B2C" class="Typographystyled__Typography-sc-1by6236-0 iaVbLh">Avg. 1.01 lb</span>
                                                </div>
                                                <span class="Typographystyled__Typography-sc-1by6236-0 iaVbLh">$5.99 / lb</span>
                                            </div>
                                        </div>
                                    </div>
                                    <div class="sc-dcecc41d-4 gAOtNW">
                                        <div data-testid="addToCartButton" data-analytics-id="add-to-cart-group" class="sc-14d9bbe-6 iDQyvk">
                                            <div>
                                                <div data-analytics-id="add-to-cart-button" class="sc-14d9bbe-2 juOpgc">
                                                    <button data-testid="add-to-cart-btn" class="GlobalStyleWrapperstyled__GlobalStyleWrapper-sc-gg5ed3-0 Core__Flex-sc-1a2z39r-0 Buttonstyled__Button-sc-17hrfrr-0 bZmixu PVisF jKBZbv sc-14d9bbe-0 inPljW">
                                                        <span color="inherit" class="Typographystyled__Typography-sc-1by6236-0 eWMUii">Add to Cart</span>
                                                    </button>
                                                </div>
                                            </div>
                                        </div>
                                        <div class="sc-14d9bbe-4 heCQab"></div>
                                        <button data-testid="add-to-list-button" class="GlobalStyleWrapperstyled__GlobalStyleWrapper-sc-gg5ed3-0 Core__Flex-sc-1a2z39r-0 Buttonstyled__Button-sc-17hrfrr-0 bZmixu PVisF jLZhDm">
                                            <svg aria-hidden="true" focusable="false" data-prefix="fas" data-icon="list-ul" class="svg-inline--fa fa-list-ul " role="img" xmlns="http://www.w3.org/2000/svg" viewBox="0 0 512 512" font-size="16px" name="list-ul">
                                                <path fill="currentColor" d="M64 144a48 48 0 1 0 0-96 48 48 0 1 0 0 96zM192 64c-17.7 0-32 14.3-32 32s14.3 32 32 32l288 0c17.7 0 32-14.3 32-32s-14.3-32-32-32L192 64zm0 160c-17.7 0-32 14.3-32 32s14.3 32 32 32l288 0c17.7 0 32-14.3 32-32s-14.3-32-32-32l-288 0zm0 160c-17.7 0-32 14.3-32 32s14.3 32 32 32l288 0c17.7 0 32-14.3 32-32s-14.3-32-32-32l-288 0zM64 464a48 48 0 1 0 0-96 48 48 0 1 0 0 96zm48-208a48 48 0 1 0 -96 0 48 48 0 1 0 96 0z"></path>
                                            </svg>
                                            <span color="inherit" class="Typographystyled__Typography-sc-1by6236-0 eWMUii">add to list</span>
                                        </button>
                                    </div>
                                </div>
                                <div data-testid="product-card-container" class="sc-dcecc41d-1 inacKu">
                                    <a class="sc-aec2bbd8-0 goNaNy sc-dcecc41d-0 fBmNkX" href="/product/driscolls-limited-edition-sweetest-batch-blueberries-11-oz/3444540">
                                        <div class="sc-dcecc41d-3 fobvDD">
                                            <div class="sc-dcecc41d-7 kSjHOg">
                                                <div data-testid="productCardImage" class="sc-9d45f00f-1 gefqin">
                                                    <img loading="lazy" src="https://images.heb.com/is/image/HEBGrocery/003444540-1?hei=416&amp;wid=416&amp;defaultimage=CentralMarketLogo_t750x550" aria-label="product image of Driscoll&#x27;s Limited Edition Sweetest Batch Blueberries, 11 oz" width="416" class="sc-9d45f00f-0 isjpEI"/>
                                                </div>
                                            </div>
                                        </div>
                                    </a>
                                    <div class="sc-dcecc41d-5 laYwjn">
                                        <div data-testid="pdp-price" class="sc-fee43095-0 eHbBoZ">
                                            <span class="Typographystyled__Typography-sc-1by6236-0 gbsXyt sc-fee43095-1 eXMKIX">$8.99
                                            <!-- -->
                                            <!-- -->
                                            ea</span>
                                        </div>
                                        <a class="sc-aec2bbd8-0 goNaNy sc-dcecc41d-0 fBmNkX" href="/product/driscolls-limited-edition-sweetest-batch-blueberries-11-oz/3444540">
                                            <span data-testid="productCardTitle" class="Typographystyled__Typography-sc-1by6236-0 iaVbLh">Driscoll &#x27;s Limited Edition Sweetest Batch Blueberries, 11 oz</span>
                                        </a>
                                    </div>
                                    <div class="sc-dcecc41d-4 gAOtNW">
                                        <div data-testid="addToCartButton" data-analytics-id="add-to-cart-group" class="sc-14d9bbe-6 iDQyvk">
                                            <div>
                                                <div data-analytics-id="add-to-cart-button" class="sc-14d9bbe-2 juOpgc">
                                                    <button data-testid="add-to-cart-btn" class="GlobalStyleWrapperstyled__GlobalStyleWrapper-sc-gg5ed3-0 Core__Flex-sc-1a2z39r-0 Buttonstyled__Button-sc-17hrfrr-0 bZmixu PVisF jKBZbv sc-14d9bbe-0 inPljW">
                                                        <span color="inherit" class="Typographystyled__Typography-sc-1by6236-0 eWMUii">Add to Cart</span>
                                                    </button>
                                                </div>
                                            </div>
                                        </div>
                                        <div class="sc-14d9bbe-4 heCQab"></div>
                                        <button data-testid="add-to-list-button" class="GlobalStyleWrapperstyled__GlobalStyleWrapper-sc-gg5ed3-0 Core__Flex-sc-1a2z39r-0 Buttonstyled__Button-sc-17hrfrr-0 bZmixu PVisF jLZhDm">
                                            <svg aria-hidden="true" focusable="false" data-prefix="fas" data-icon="list-ul" class="svg-inline--fa fa-list-ul " role="img" xmlns="http://www.w3.org/2000/svg" viewBox="0 0 512 512" font-size="16px" name="list-ul">
                                                <path fill="currentColor" d="M64 144a48 48 0 1 0 0-96 48 48 0 1 0 0 96zM192 64c-17.7 0-32 14.3-32 32s14.3 32 32 32l288 0c17.7 0 32-14.3 32-32s-14.3-32-32-32L192 64zm0 160c-17.7 0-32 14.3-32 32s14.3 32 32 32l288 0c17.7 0 32-14.3 32-32s-14.3-32-32-32l-288 0zm0 160c-17.7 0-32 14.3-32 32s14.3 32 32 32l288 0c17.7 0 32-14.3 32-32s-14.3-32-32-32l-288 0zM64 464a48 48 0 1 0 0-96 48 48 0 1 0 0 96zm48-208a48 48 0 1 0 -96 0 48 48 0 1 0 96 0z"></path>
                                            </svg>
                                            <span color="inherit" class="Typographystyled__Typography-sc-1by6236-0 eWMUii">add to list</span>
                                        </button>
                                    </div>
                                </div>
                                <div data-testid="product-card-container" class="sc-dcecc41d-1 inacKu">
                                    <a class="sc-aec2bbd8-0 goNaNy sc-dcecc41d-0 fBmNkX" href="/product/fresh-lime-each/442356">
                                        <div class="sc-dcecc41d-3 fobvDD">
                                            <div class="sc-dcecc41d-7 kSjHOg">
                                                <div data-testid="productCardImage" class="sc-9d45f00f-1 gefqin">
                                                    <img loading="lazy" src="https://images.heb.com/is/image/HEBGrocery/000442356-1?hei=416&amp;wid=416&amp;defaultimage=CentralMarketLogo_t750x550" aria-label="product image of Fresh Lime, Each" width="416" class="sc-9d45f00f-0 isjpEI"/>
                                                </div>
                                            </div>
                                        </div>
                                    </a>
                                    <div class="sc-dcecc41d-5 laYwjn">
                                        <div data-testid="pdp-price" class="sc-fee43095-0 eHbBoZ">
                                            <span class="Typographystyled__Typography-sc-1by6236-0 gbsXyt sc-fee43095-1 eXMKIX">$0.49
                                            <!-- -->
                                            <!-- -->
                                            ea</span>
                                        </div>
                                        <a class="sc-aec2bbd8-0 goNaNy sc-dcecc41d-0 fBmNkX" href="/product/fresh-lime-each/442356">
                                            <span data-testid="productCardTitle" class="Typographystyled__Typography-sc-1by6236-0 iaVbLh">Fresh Lime, Each</span>
                                        </a>
                                    </div>
                                    <div class="sc-dcecc41d-4 gAOtNW">
                                        <div data-testid="addToCartButton" data-analytics-id="add-to-cart-group" class="sc-14d9bbe-6 iDQyvk">
                                            <div>
                                                <div data-analytics-id="add-to-cart-button" class="sc-14d9bbe-2 juOpgc">
                                                    <button data-testid="add-to-cart-btn" class="GlobalStyleWrapperstyled__GlobalStyleWrapper-sc-gg5ed3-0 Core__Flex-sc-1a2z39r-0 Buttonstyled__Button-sc-17hrfrr-0 bZmixu PVisF jKBZbv sc-14d9bbe-0 inPljW">
                                                        <span color="inherit" class="Typographystyled__Typography-sc-1by6236-0 eWMUii">Add to Cart</span>
                                                    </button>
                                                </div>
                                            </div>
                                        </div>
                                        <div class="sc-14d9bbe-4 heCQab"></div>
                                        <button data-testid="add-to-list-button" class="GlobalStyleWrapperstyled__GlobalStyleWrapper-sc-gg5ed3-0 Core__Flex-sc-1a2z39r-0 Buttonstyled__Button-sc-17hrfrr-0 bZmixu PVisF jLZhDm">
                                            <svg aria-hidden="true" focusable="false" data-prefix="fas" data-icon="list-ul" class="svg-inline--fa fa-list-ul " role="img" xmlns="http://www.w3.org/2000/svg" viewBox="0 0 512 512" font-size="16px" name="list-ul">
                                                <path fill="currentColor" d="M64 144a48 48 0 1 0 0-96 48 48 0 1 0 0 96zM192 64c-17.7 0-32 14.3-32 32s14.3 32 32 32l288 0c17.7 0 32-14.3 32-32s-14.3-32-32-32L192 64zm0 160c-17.7 0-32 14.3-32 32s14.3 32 32 32l288 0c17.7 0 32-14.3 32-32s-14.3-32-32-32l-288 0zm0 160c-17.7 0-32 14.3-32 32s14.3 32 32 32l288 0c17.7 0 32-14.3 32-32s-14.3-32-32-32l-288 0zM64 464a48 48 0 1 0 0-96 48 48 0 1 0 0 96zm48-208a48 48 0 1 0 -96 0 48 48 0 1 0 96 0z"></path>
                                            </svg>
                                            <span color="inherit" class="Typographystyled__Typography-sc-1by6236-0 eWMUii">add to list</span>
                                        </button>
                                    </div>
                                </div>
                                <div data-testid="product-card-container" class="sc-dcecc41d-1 inacKu">
                                    <a class="sc-aec2bbd8-0 goNaNy sc-dcecc41d-0 fBmNkX" href="/product/fresh-blackberries-6-oz/321290">
                                        <div class="sc-dcecc41d-3 fobvDD">
                                            <div class="sc-dcecc41d-7 kSjHOg">
                                                <div data-testid="productCardImage" class="sc-9d45f00f-1 gefqin">
                                                    <img loading="lazy" src="https://images.heb.com/is/image/HEBGrocery/000321290-1?hei=416&amp;wid=416&amp;defaultimage=CentralMarketLogo_t750x550" aria-label="product image of Fresh Blackberries, 6  oz" width="416" class="sc-9d45f00f-0 isjpEI"/>
                                                </div>
                                            </div>
                                        </div>
                                    </a>
                                    <div class="sc-dcecc41d-5 laYwjn">
                                        <div data-testid="pdp-price" class="sc-fee43095-0 eHbBoZ">
                                            <span class="Typographystyled__Typography-sc-1by6236-0 gbsXyt sc-fee43095-1 eXMKIX">$4.49
                                            <!-- -->
                                            <!-- -->
                                            ea</span>
                                        </div>
                                        <a class="sc-aec2bbd8-0 goNaNy sc-dcecc41d-0 fBmNkX" href="/product/fresh-blackberries-6-oz/321290">
                                            <span data-testid="productCardTitle" class="Typographystyled__Typography-sc-1by6236-0 iaVbLh">Fresh Blackberries, 6  oz</span>
                                        </a>
                                    </div>
                                    <div class="sc-dcecc41d-4 gAOtNW">
                                        <div data-testid="addToCartButton" data-analytics-id="add-to-cart-group" class="sc-14d9bbe-6 iDQyvk">
                                            <div>
                                                <div data-analytics-id="add-to-cart-button" class="sc-14d9bbe-2 juOpgc">
                                                    <button data-testid="add-to-cart-btn" class="GlobalStyleWrapperstyled__GlobalStyleWrapper-sc-gg5ed3-0 Core__Flex-sc-1a2z39r-0 Buttonstyled__Button-sc-17hrfrr-0 bZmixu PVisF jKBZbv sc-14d9bbe-0 inPljW">
                                                        <span color="inherit" class="Typographystyled__Typography-sc-1by6236-0 eWMUii">Add to Cart</span>
                                                    </button>
                                                </div>
                                            </div>
                                        </div>
                                        <div class="sc-14d9bbe-4 heCQab"></div>
                                        <button data-testid="add-to-list-button" class="GlobalStyleWrapperstyled__GlobalStyleWrapper-sc-gg5ed3-0 Core__Flex-sc-1a2z39r-0 Buttonstyled__Button-sc-17hrfrr-0 bZmixu PVisF jLZhDm">
                                            <svg aria-hidden="true" focusable="false" data-prefix="fas" data-icon="list-ul" class="svg-inline--fa fa-list-ul " role="img" xmlns="http://www.w3.org/2000/svg" viewBox="0 0 512 512" font-size="16px" name="list-ul">
                                                <path fill="currentColor" d="M64 144a48 48 0 1 0 0-96 48 48 0 1 0 0 96zM192 64c-17.7 0-32 14.3-32 32s14.3 32 32 32l288 0c17.7 0 32-14.3 32-32s-14.3-32-32-32L192 64zm0 160c-17.7 0-32 14.3-32 32s14.3 32 32 32l288 0c17.7 0 32-14.3 32-32s-14.3-32-32-32l-288 0zm0 160c-17.7 0-32 14.3-32 32s14.3 32 32 32l288 0c17.7 0 32-14.3 32-32s-14.3-32-32-32l-288 0zM64 464a48 48 0 1 0 0-96 48 48 0 1 0 0 96zm48-208a48 48 0 1 0 -96 0 48 48 0 1 0 96 0z"></path>
                                            </svg>
                                            <span color="inherit" class="Typographystyled__Typography-sc-1by6236-0 eWMUii">add to list</span>
                                        </button>
                                    </div>
                                </div>
                                <div data-testid="product-card-container" class="sc-dcecc41d-1 inacKu">
                                    <a class="sc-aec2bbd8-0 goNaNy sc-dcecc41d-0 fBmNkX" href="/product/fresh-organic-lemon-ea/320384">
                                        <div class="sc-dcecc41d-3 fobvDD">
                                            <div class="sc-dcecc41d-7 kSjHOg">
                                                <div data-testid="productCardImage" class="sc-9d45f00f-1 gefqin">
                                                    <img loading="lazy" src="https://images.heb.com/is/image/HEBGrocery/000320384-1?hei=416&amp;wid=416&amp;defaultimage=CentralMarketLogo_t750x550" aria-label="product image of Fresh Organic Lemon, ea" width="416" class="sc-9d45f00f-0 isjpEI"/>
                                                </div>
                                            </div>
                                        </div>
                                    </a>
                                    <div class="sc-dcecc41d-5 laYwjn">
                                        <div data-testid="pdp-price" class="sc-fee43095-0 eHbBoZ">
                                            <span class="Typographystyled__Typography-sc-1by6236-0 gbsXyt sc-fee43095-1 eXMKIX">$0.99
                                            <!-- -->
                                            <!-- -->
                                            ea</span>
                                        </div>
                                        <a class="sc-aec2bbd8-0 goNaNy sc-dcecc41d-0 fBmNkX" href="/product/fresh-organic-lemon-ea/320384">
                                            <span data-testid="productCardTitle" class="Typographystyled__Typography-sc-1by6236-0 iaVbLh">Fresh Organic Lemon, ea</span>
                                        </a>
                                    </div>
                                    <div class="sc-dcecc41d-4 gAOtNW">
                                        <div data-testid="addToCartButton" data-analytics-id="add-to-cart-group" class="sc-14d9bbe-6 iDQyvk">
                                            <div>
                                                <div data-analytics-id="add-to-cart-button" class="sc-14d9bbe-2 juOpgc">
                                                    <button data-testid="add-to-cart-btn" class="GlobalStyleWrapperstyled__GlobalStyleWrapper-sc-gg5ed3-0 Core__Flex-sc-1a2z39r-0 Buttonstyled__Button-sc-17hrfrr-0 bZmixu PVisF jKBZbv sc-14d9bbe-0 inPljW">
                                                        <span color="inherit" class="Typographystyled__Typography-sc-1by6236-0 eWMUii">Add to Cart</span>
                                                    </button>
                                                </div>
                                            </div>
                                        </div>
                                        <div class="sc-14d9bbe-4 heCQab"></div>
                                        <button data-testid="add-to-list-button" class="GlobalStyleWrapperstyled__GlobalStyleWrapper-sc-gg5ed3-0 Core__Flex-sc-1a2z39r-0 Buttonstyled__Button-sc-17hrfrr-0 bZmixu PVisF jLZhDm">
                                            <svg aria-hidden="true" focusable="false" data-prefix="fas" data-icon="list-ul" class="svg-inline--fa fa-list-ul " role="img" xmlns="http://www.w3.org/2000/svg" viewBox="0 0 512 512" font-size="16px" name="list-ul">
                                                <path fill="currentColor" d="M64 144a48 48 0 1 0 0-96 48 48 0 1 0 0 96zM192 64c-17.7 0-32 14.3-32 32s14.3 32 32 32l288 0c17.7 0 32-14.3 32-32s-14.3-32-32-32L192 64zm0 160c-17.7 0-32 14.3-32 32s14.3 32 32 32l288 0c17.7 0 32-14.3 32-32s-14.3-32-32-32l-288 0zm0 160c-17.7 0-32 14.3-32 32s14.3 32 32 32l288 0c17.7 0 32-14.3 32-32s-14.3-32-32-32l-288 0zM64 464a48 48 0 1 0 0-96 48 48 0 1 0 0 96zm48-208a48 48 0 1 0 -96 0 48 48 0 1 0 96 0z"></path>
                                            </svg>
                                            <span color="inherit" class="Typographystyled__Typography-sc-1by6236-0 eWMUii">add to list</span>
                                        </button>
                                    </div>
                                </div>
                                <div data-testid="product-card-container" class="sc-dcecc41d-1 inacKu">
                                    <a class="sc-aec2bbd8-0 goNaNy sc-dcecc41d-0 fBmNkX" href="/product/central-market-small-prepless-red-and-green-grapes/1564286">
                                        <div class="sc-dcecc41d-3 fobvDD">
                                            <div class="sc-dcecc41d-7 kSjHOg">
                                                <div data-testid="productCardImage" class="sc-9d45f00f-1 gefqin">
                                                    <img loading="lazy" src="https://images.heb.com/is/image/HEBGrocery/001564286-1?hei=416&amp;wid=416&amp;defaultimage=CentralMarketLogo_t750x550" aria-label="product image of Central Market Small Prepless Red &amp; Green Grapes" width="416" class="sc-9d45f00f-0 isjpEI"/>
                                                </div>
                                            </div>
                                        </div>
                                    </a>
                                    <div class="sc-dcecc41d-5 laYwjn">
                                        <div data-testid="pdp-price" class="sc-fee43095-0 eHbBoZ">
                                            <span class="Typographystyled__Typography-sc-1by6236-0 gbsXyt sc-fee43095-1 eXMKIX">$4.19
                                            <!-- -->
                                            <!-- -->
                                            ea</span>
                                        </div>
                                        <a class="sc-aec2bbd8-0 goNaNy sc-dcecc41d-0 fBmNkX" href="/product/central-market-small-prepless-red-and-green-grapes/1564286">
                                            <span data-testid="productCardTitle" class="Typographystyled__Typography-sc-1by6236-0 iaVbLh">Central Market Small Prepless Red &amp;Green Grapes</span>
                                        </a>
                                        <div data-testid="product-eawt-info" class="sc-b8807e3a-0 gaIkre">
                                            <div class="sc-b8807e3a-1 mflCu">
                                                <div class="GlobalStyleWrapperstyled__GlobalStyleWrapper-sc-gg5ed3-0 Tagstyled__TagWrapper-sc-yr57by-0 bZmixu kzHTmh">
                                                    <span color="#2B2B2C" class="Typographystyled__Typography-sc-1by6236-0 iaVbLh">Avg. 0.7 lb</span>
                                                </div>
                                                <span class="Typographystyled__Typography-sc-1by6236-0 iaVbLh">$5.99 / lb</span>
                                            </div>
                                        </div>
                                    </div>
                                    <div class="sc-dcecc41d-4 gAOtNW">
                                        <div data-testid="addToCartButton" data-analytics-id="add-to-cart-group" class="sc-14d9bbe-6 iDQyvk">
                                            <div>
                                                <div data-analytics-id="add-to-cart-button" class="sc-14d9bbe-2 juOpgc">
                                                    <button data-testid="add-to-cart-btn" class="GlobalStyleWrapperstyled__GlobalStyleWrapper-sc-gg5ed3-0 Core__Flex-sc-1a2z39r-0 Buttonstyled__Button-sc-17hrfrr-0 bZmixu PVisF jKBZbv sc-14d9bbe-0 inPljW">
                                                        <span color="inherit" class="Typographystyled__Typography-sc-1by6236-0 eWMUii">Add to Cart</span>
                                                    </button>
                                                </div>
                                            </div>
                                        </div>
                                        <div class="sc-14d9bbe-4 heCQab"></div>
                                        <button data-testid="add-to-list-button" class="GlobalStyleWrapperstyled__GlobalStyleWrapper-sc-gg5ed3-0 Core__Flex-sc-1a2z39r-0 Buttonstyled__Button-sc-17hrfrr-0 bZmixu PVisF jLZhDm">
                                            <svg aria-hidden="true" focusable="false" data-prefix="fas" data-icon="list-ul" class="svg-inline--fa fa-list-ul " role="img" xmlns="http://www.w3.org/2000/svg" viewBox="0 0 512 512" font-size="16px" name="list-ul">
                                                <path fill="currentColor" d="M64 144a48 48 0 1 0 0-96 48 48 0 1 0 0 96zM192 64c-17.7 0-32 14.3-32 32s14.3 32 32 32l288 0c17.7 0 32-14.3 32-32s-14.3-32-32-32L192 64zm0 160c-17.7 0-32 14.3-32 32s14.3 32 32 32l288 0c17.7 0 32-14.3 32-32s-14.3-32-32-32l-288 0zm0 160c-17.7 0-32 14.3-32 32s14.3 32 32 32l288 0c17.7 0 32-14.3 32-32s-14.3-32-32-32l-288 0zM64 464a48 48 0 1 0 0-96 48 48 0 1 0 0 96zm48-208a48 48 0 1 0 -96 0 48 48 0 1 0 96 0z"></path>
                                            </svg>
                                            <span color="inherit" class="Typographystyled__Typography-sc-1by6236-0 eWMUii">add to list</span>
                                        </button>
                                    </div>
                                </div>
                                <div data-testid="product-card-container" class="sc-dcecc41d-1 inacKu">
                                    <a class="sc-aec2bbd8-0 goNaNy sc-dcecc41d-0 fBmNkX" href="/product/central-market-small-prepless-pineapple-chunks/1571640">
                                        <div class="sc-dcecc41d-3 fobvDD">
                                            <div class="sc-dcecc41d-7 kSjHOg">
                                                <div data-testid="productCardImage" class="sc-9d45f00f-1 gefqin">
                                                    <img loading="lazy" src="https://images.heb.com/is/image/HEBGrocery/001571640-1?hei=416&amp;wid=416&amp;defaultimage=CentralMarketLogo_t750x550" aria-label="product image of Central Market Small Prepless Pineapple Chunks" width="416" class="sc-9d45f00f-0 isjpEI"/>
                                                </div>
                                            </div>
                                        </div>
                                    </a>
                                    <div class="sc-dcecc41d-5 laYwjn">
                                        <div data-testid="pdp-price" class="sc-fee43095-0 eHbBoZ">
                                            <span class="Typographystyled__Typography-sc-1by6236-0 gbsXyt sc-fee43095-1 eXMKIX">$4.19
                                            <!-- -->
                                            <!-- -->
                                            ea</span>
                                        </div>
                                        <a class="sc-aec2bbd8-0 goNaNy sc-dcecc41d-0 fBmNkX" href="/product/central-market-small-prepless-pineapple-chunks/1571640">
                                            <span data-testid="productCardTitle" class="Typographystyled__Typography-sc-1by6236-0 iaVbLh">Central Market Small Prepless Pineapple Chunks</span>
                                        </a>
                                        <div data-testid="product-eawt-info" class="sc-b8807e3a-0 gaIkre">
                                            <div class="sc-b8807e3a-1 mflCu">
                                                <div class="GlobalStyleWrapperstyled__GlobalStyleWrapper-sc-gg5ed3-0 Tagstyled__TagWrapper-sc-yr57by-0 bZmixu kzHTmh">
                                                    <span color="#2B2B2C" class="Typographystyled__Typography-sc-1by6236-0 iaVbLh">Avg. 0.7 lb</span>
                                                </div>
                                                <span class="Typographystyled__Typography-sc-1by6236-0 iaVbLh">$5.99 / lb</span>
                                            </div>
                                        </div>
                                    </div>
                                    <div class="sc-dcecc41d-4 gAOtNW">
                                        <div data-testid="addToCartButton" data-analytics-id="add-to-cart-group" class="sc-14d9bbe-6 iDQyvk">
                                            <div>
                                                <div data-analytics-id="add-to-cart-button" class="sc-14d9bbe-2 juOpgc">
                                                    <button data-testid="add-to-cart-btn" class="GlobalStyleWrapperstyled__GlobalStyleWrapper-sc-gg5ed3-0 Core__Flex-sc-1a2z39r-0 Buttonstyled__Button-sc-17hrfrr-0 bZmixu PVisF jKBZbv sc-14d9bbe-0 inPljW">
                                                        <span color="inherit" class="Typographystyled__Typography-sc-1by6236-0 eWMUii">Add to Cart</span>
                                                    </button>
                                                </div>
                                            </div>
                                        </div>
                                        <div class="sc-14d9bbe-4 heCQab"></div>
                                        <button data-testid="add-to-list-button" class="GlobalStyleWrapperstyled__GlobalStyleWrapper-sc-gg5ed3-0 Core__Flex-sc-1a2z39r-0 Buttonstyled__Button-sc-17hrfrr-0 bZmixu PVisF jLZhDm">
                                            <svg aria-hidden="true" focusable="false" data-prefix="fas" data-icon="list-ul" class="svg-inline--fa fa-list-ul " role="img" xmlns="http://www.w3.org/2000/svg" viewBox="0 0 512 512" font-size="16px" name="list-ul">
                                                <path fill="currentColor" d="M64 144a48 48 0 1 0 0-96 48 48 0 1 0 0 96zM192 64c-17.7 0-32 14.3-32 32s14.3 32 32 32l288 0c17.7 0 32-14.3 32-32s-14.3-32-32-32L192 64zm0 160c-17.7 0-32 14.3-32 32s14.3 32 32 32l288 0c17.7 0 32-14.3 32-32s-14.3-32-32-32l-288 0zm0 160c-17.7 0-32 14.3-32 32s14.3 32 32 32l288 0c17.7 0 32-14.3 32-32s-14.3-32-32-32l-288 0zM64 464a48 48 0 1 0 0-96 48 48 0 1 0 0 96zm48-208a48 48 0 1 0 -96 0 48 48 0 1 0 96 0z"></path>
                                            </svg>
                                            <span color="inherit" class="Typographystyled__Typography-sc-1by6236-0 eWMUii">add to list</span>
                                        </button>
                                    </div>
                                </div>
                                <div data-testid="product-card-container" class="sc-dcecc41d-1 inacKu">
                                    <a class="sc-aec2bbd8-0 goNaNy sc-dcecc41d-0 fBmNkX" href="/product/fresh-kiwi-fruit-each/375269">
                                        <div class="sc-dcecc41d-3 fobvDD">
                                            <div class="sc-dcecc41d-7 kSjHOg">
                                                <div data-testid="productCardImage" class="sc-9d45f00f-1 gefqin">
                                                    <img loading="lazy" src="https://images.heb.com/is/image/HEBGrocery/000375269-1?hei=416&amp;wid=416&amp;defaultimage=CentralMarketLogo_t750x550" aria-label="product image of Fresh Kiwi Fruit, Each" width="416" class="sc-9d45f00f-0 isjpEI"/>
                                                </div>
                                            </div>
                                        </div>
                                    </a>
                                    <div class="sc-dcecc41d-5 laYwjn">
                                        <div data-testid="pdp-price" class="sc-fee43095-0 eHbBoZ">
                                            <span class="Typographystyled__Typography-sc-1by6236-0 gbsXyt sc-fee43095-1 eXMKIX">2 for $2.00
                                            <!-- -->
                                            </span>
                                        </div>
                                        <a class="sc-aec2bbd8-0 goNaNy sc-dcecc41d-0 fBmNkX" href="/product/fresh-kiwi-fruit-each/375269">
                                            <span data-testid="productCardTitle" class="Typographystyled__Typography-sc-1by6236-0 iaVbLh">Fresh Kiwi Fruit, Each</span>
                                        </a>
                                    </div>
                                    <div class="sc-dcecc41d-4 gAOtNW">
                                        <div data-testid="addToCartButton" data-analytics-id="add-to-cart-group" class="sc-14d9bbe-6 iDQyvk">
                                            <div>
                                                <div data-analytics-id="add-to-cart-button" class="sc-14d9bbe-2 juOpgc">
                                                    <button data-testid="add-to-cart-btn" class="GlobalStyleWrapperstyled__GlobalStyleWrapper-sc-gg5ed3-0 Core__Flex-sc-1a2z39r-0 Buttonstyled__Button-sc-17hrfrr-0 bZmixu PVisF jKBZbv sc-14d9bbe-0 inPljW">
                                                        <span color="inherit" class="Typographystyled__Typography-sc-1by6236-0 eWMUii">Add to Cart</span>
                                                    </button>
                                                </div>
                                            </div>
                                        </div>
                                        <div class="sc-14d9bbe-4 heCQab"></div>
                                        <button data-testid="add-to-list-button" class="GlobalStyleWrapperstyled__GlobalStyleWrapper-sc-gg5ed3-0 Core__Flex-sc-1a2z39r-0 Buttonstyled__Button-sc-17hrfrr-0 bZmixu PVisF jLZhDm">
                                            <svg aria-hidden="true" focusable="false" data-prefix="fas" data-icon="list-ul" class="svg-inline--fa fa-list-ul " role="img" xmlns="http://www.w3.org/2000/svg" viewBox="0 0 512 512" font-size="16px" name="list-ul">
                                                <path fill="currentColor" d="M64 144a48 48 0 1 0 0-96 48 48 0 1 0 0 96zM192 64c-17.7 0-32 14.3-32 32s14.3 32 32 32l288 0c17.7 0 32-14.3 32-32s-14.3-32-32-32L192 64zm0 160c-17.7 0-32 14.3-32 32s14.3 32 32 32l288 0c17.7 0 32-14.3 32-32s-14.3-32-32-32l-288 0zm0 160c-17.7 0-32 14.3-32 32s14.3 32 32 32l288 0c17.7 0 32-14.3 32-32s-14.3-32-32-32l-288 0zM64 464a48 48 0 1 0 0-96 48 48 0 1 0 0 96zm48-208a48 48 0 1 0 -96 0 48 48 0 1 0 96 0z"></path>
                                            </svg>
                                            <span color="inherit" class="Typographystyled__Typography-sc-1by6236-0 eWMUii">add to list</span>
                                        </button>
                                    </div>
                                </div>
                                <div data-testid="product-card-container" class="sc-dcecc41d-1 inacKu">
                                    <a class="sc-aec2bbd8-0 goNaNy sc-dcecc41d-0 fBmNkX" href="/product/fresh-honeycrisp-apple/466634">
                                        <div class="sc-dcecc41d-3 fobvDD">
                                            <div class="sc-dcecc41d-7 kSjHOg">
                                                <div data-testid="productCardImage" class="sc-9d45f00f-1 gefqin">
                                                    <img loading="lazy" src="https://images.heb.com/is/image/HEBGrocery/000466634-1?hei=416&amp;wid=416&amp;defaultimage=CentralMarketLogo_t750x550" aria-label="product image of Fresh Honeycrisp Apple" width="416" class="sc-9d45f00f-0 isjpEI"/>
                                                </div>
                                            </div>
                                        </div>
                                    </a>
                                    <div class="sc-dcecc41d-5 laYwjn">
                                        <div data-testid="pdp-price" class="sc-fee43095-0 eHbBoZ">
                                            <span class="Typographystyled__Typography-sc-1by6236-0 gbsXyt sc-fee43095-1 eXMKIX">$1.61
                                            <!-- -->
                                            <!-- -->
                                            ea</span>
                                        </div>
                                        <a class="sc-aec2bbd8-0 goNaNy sc-dcecc41d-0 fBmNkX" href="/product/fresh-honeycrisp-apple/466634">
                                            <span data-testid="productCardTitle" class="Typographystyled__Typography-sc-1by6236-0 iaVbLh">Fresh Honeycrisp Apple</span>
                                        </a>
                                        <div data-testid="product-eawt-info" class="sc-b8807e3a-0 gaIkre">
                                            <div class="sc-b8807e3a-1 mflCu">
                                                <div class="GlobalStyleWrapperstyled__GlobalStyleWrapper-sc-gg5ed3-0 Tagstyled__TagWrapper-sc-yr57by-0 bZmixu kzHTmh">
                                                    <span color="#2B2B2C" class="Typographystyled__Typography-sc-1by6236-0 iaVbLh">Avg. 0.65 lb</span>
                                                </div>
                                                <span class="Typographystyled__Typography-sc-1by6236-0 iaVbLh">$2.49 / lb</span>
                                            </div>
                                        </div>
                                    </div>
                                    <div class="sc-dcecc41d-4 gAOtNW">
                                        <div data-testid="addToCartButton" data-analytics-id="add-to-cart-group" class="sc-14d9bbe-6 iDQyvk">
                                            <div>
                                                <div data-analytics-id="add-to-cart-button" class="sc-14d9bbe-2 juOpgc">
                                                    <button data-testid="add-to-cart-btn" class="GlobalStyleWrapperstyled__GlobalStyleWrapper-sc-gg5ed3-0 Core__Flex-sc-1a2z39r-0 Buttonstyled__Button-sc-17hrfrr-0 bZmixu PVisF jKBZbv sc-14d9bbe-0 inPljW">
                                                        <span color="inherit" class="Typographystyled__Typography-sc-1by6236-0 eWMUii">Add to Cart</span>
                                                    </button>
                                                </div>
                                            </div>
                                        </div>
                                        <div class="sc-14d9bbe-4 heCQab"></div>
                                        <button data-testid="add-to-list-button" class="GlobalStyleWrapperstyled__GlobalStyleWrapper-sc-gg5ed3-0 Core__Flex-sc-1a2z39r-0 Buttonstyled__Button-sc-17hrfrr-0 bZmixu PVisF jLZhDm">
                                            <svg aria-hidden="true" focusable="false" data-prefix="fas" data-icon="list-ul" class="svg-inline--fa fa-list-ul " role="img" xmlns="http://www.w3.org/2000/svg" viewBox="0 0 512 512" font-size="16px" name="list-ul">
                                                <path fill="currentColor" d="M64 144a48 48 0 1 0 0-96 48 48 0 1 0 0 96zM192 64c-17.7 0-32 14.3-32 32s14.3 32 32 32l288 0c17.7 0 32-14.3 32-32s-14.3-32-32-32L192 64zm0 160c-17.7 0-32 14.3-32 32s14.3 32 32 32l288 0c17.7 0 32-14.3 32-32s-14.3-32-32-32l-288 0zm0 160c-17.7 0-32 14.3-32 32s14.3 32 32 32l288 0c17.7 0 32-14.3 32-32s-14.3-32-32-32l-288 0zM64 464a48 48 0 1 0 0-96 48 48 0 1 0 0 96zm48-208a48 48 0 1 0 -96 0 48 48 0 1 0 96 0z"></path>
                                            </svg>
                                            <span color="inherit" class="Typographystyled__Typography-sc-1by6236-0 eWMUii">add to list</span>
                                        </button>
                                    </div>
                                </div>
                                <div data-testid="product-card-container" class="sc-dcecc41d-1 inacKu">
                                    <a class="sc-aec2bbd8-0 goNaNy sc-dcecc41d-0 fBmNkX" href="/product/h-e-b-texas-roots-large-grapefruit/320790">
                                        <div class="sc-dcecc41d-3 fobvDD">
                                            <div class="sc-dcecc41d-7 kSjHOg">
                                                <div data-testid="productCardImage" class="sc-9d45f00f-1 gefqin">
                                                    <img loading="lazy" src="https://images.heb.com/is/image/HEBGrocery/000320790-1?hei=416&amp;wid=416&amp;defaultimage=CentralMarketLogo_t750x550" aria-label="product image of H-E-B Texas Roots Large Grapefruit" width="416" class="sc-9d45f00f-0 isjpEI"/>
                                                </div>
                                            </div>
                                        </div>
                                    </a>
                                    <div class="sc-dcecc41d-5 laYwjn">
                                        <div data-testid="pdp-price" class="sc-fee43095-0 eHbBoZ">
                                            <span class="Typographystyled__Typography-sc-1by6236-0 gbsXyt sc-fee43095-1 eXMKIX">$2.01
                                            <!-- -->
                                            <!-- -->
                                            ea</span>
                                        </div>
                                        <a class="sc-aec2bbd8-0 goNaNy sc-dcecc41d-0 fBmNkX" href="/product/h-e-b-texas-roots-large-grapefruit/320790">
                                            <span data-testid="productCardTitle" class="Typographystyled__Typography-sc-1by6236-0 iaVbLh">H-E-B Texas Roots Large Grapefruit</span>
                                        </a>
                                        <div data-testid="product-eawt-info" class="sc-b8807e3a-0 gaIkre">
                                            <div class="sc-b8807e3a-1 mflCu">
                                                <div class="GlobalStyleWrapperstyled__GlobalStyleWrapper-sc-gg5ed3-0 Tagstyled__TagWrapper-sc-yr57by-0 bZmixu kzHTmh">
                                                    <span color="#2B2B2C" class="Typographystyled__Typography-sc-1by6236-0 iaVbLh">Avg. 1.2 lb</span>
                                                </div>
                                                <span class="Typographystyled__Typography-sc-1by6236-0 iaVbLh">$1.68 / lb</span>
                                            </div>
                                        </div>
                                    </div>
                                    <div class="sc-dcecc41d-4 gAOtNW">
                                        <div data-testid="addToCartButton" data-analytics-id="add-to-cart-group" class="sc-14d9bbe-6 iDQyvk">
                                            <div>
                                                <div data-analytics-id="add-to-cart-button" class="sc-14d9bbe-2 juOpgc">
                                                    <button data-testid="add-to-cart-btn" class="GlobalStyleWrapperstyled__GlobalStyleWrapper-sc-gg5ed3-0 Core__Flex-sc-1a2z39r-0 Buttonstyled__Button-sc-17hrfrr-0 bZmixu PVisF jKBZbv sc-14d9bbe-0 inPljW">
                                                        <span color="inherit" class="Typographystyled__Typography-sc-1by6236-0 eWMUii">Add to Cart</span>
                                                    </button>
                                                </div>
                                            </div>
                                        </div>
                                        <div class="sc-14d9bbe-4 heCQab"></div>
                                        <button data-testid="add-to-list-button" class="GlobalStyleWrapperstyled__GlobalStyleWrapper-sc-gg5ed3-0 Core__Flex-sc-1a2z39r-0 Buttonstyled__Button-sc-17hrfrr-0 bZmixu PVisF jLZhDm">
                                            <svg aria-hidden="true" focusable="false" data-prefix="fas" data-icon="list-ul" class="svg-inline--fa fa-list-ul " role="img" xmlns="http://www.w3.org/2000/svg" viewBox="0 0 512 512" font-size="16px" name="list-ul">
                                                <path fill="currentColor" d="M64 144a48 48 0 1 0 0-96 48 48 0 1 0 0 96zM192 64c-17.7 0-32 14.3-32 32s14.3 32 32 32l288 0c17.7 0 32-14.3 32-32s-14.3-32-32-32L192 64zm0 160c-17.7 0-32 14.3-32 32s14.3 32 32 32l288 0c17.7 0 32-14.3 32-32s-14.3-32-32-32l-288 0zm0 160c-17.7 0-32 14.3-32 32s14.3 32 32 32l288 0c17.7 0 32-14.3 32-32s-14.3-32-32-32l-288 0zM64 464a48 48 0 1 0 0-96 48 48 0 1 0 0 96zm48-208a48 48 0 1 0 -96 0 48 48 0 1 0 96 0z"></path>
                                            </svg>
                                            <span color="inherit" class="Typographystyled__Typography-sc-1by6236-0 eWMUii">add to list</span>
                                        </button>
                                    </div>
                                </div>
                                <div data-testid="product-card-container" class="sc-dcecc41d-1 inacKu">
                                    <a class="sc-aec2bbd8-0 goNaNy sc-dcecc41d-0 fBmNkX" href="/product/central-market-large-prepless-mixed-berries/1564288">
                                        <div class="sc-dcecc41d-3 fobvDD">
                                            <div class="sc-dcecc41d-7 kSjHOg">
                                                <div data-testid="productCardImage" class="sc-9d45f00f-1 gefqin">
                                                    <img loading="lazy" src="https://images.heb.com/is/image/HEBGrocery/001564288-1?hei=416&amp;wid=416&amp;defaultimage=CentralMarketLogo_t750x550" aria-label="product image of Central Market Large&amp;nbsp;Prepless Mixed Berries" width="416" class="sc-9d45f00f-0 isjpEI"/>
                                                </div>
                                            </div>
                                        </div>
                                    </a>
                                    <div class="sc-dcecc41d-5 laYwjn">
                                        <div data-testid="pdp-price" class="sc-fee43095-0 eHbBoZ">
                                            <span class="Typographystyled__Typography-sc-1by6236-0 gbsXyt sc-fee43095-1 eXMKIX">$11.99
                                            <!-- -->
                                            <!-- -->
                                            ea</span>
                                        </div>
                                        <a class="sc-aec2bbd8-0 goNaNy sc-dcecc41d-0 fBmNkX" href="/product/central-market-large-prepless-mixed-berries/1564288">
                                            <span data-testid="productCardTitle" class="Typographystyled__Typography-sc-1by6236-0 iaVbLh">Central Market LargePrepless Mixed Berries</span>
                                        </a>
                                        <div data-testid="product-eawt-info" class="sc-b8807e3a-0 gaIkre">
                                            <div class="sc-b8807e3a-1 mflCu">
                                                <div class="GlobalStyleWrapperstyled__GlobalStyleWrapper-sc-gg5ed3-0 Tagstyled__TagWrapper-sc-yr57by-0 bZmixu kzHTmh">
                                                    <span color="#2B2B2C" class="Typographystyled__Typography-sc-1by6236-0 iaVbLh">Avg. 1 lb</span>
                                                </div>
                                                <span class="Typographystyled__Typography-sc-1by6236-0 iaVbLh">$11.99 / lb</span>
                                            </div>
                                        </div>
                                    </div>
                                    <div class="sc-dcecc41d-4 gAOtNW">
                                        <div data-testid="addToCartButton" data-analytics-id="add-to-cart-group" class="sc-14d9bbe-6 iDQyvk">
                                            <div>
                                                <div data-analytics-id="add-to-cart-button" class="sc-14d9bbe-2 juOpgc">
                                                    <button data-testid="add-to-cart-btn" class="GlobalStyleWrapperstyled__GlobalStyleWrapper-sc-gg5ed3-0 Core__Flex-sc-1a2z39r-0 Buttonstyled__Button-sc-17hrfrr-0 bZmixu PVisF jKBZbv sc-14d9bbe-0 inPljW">
                                                        <span color="inherit" class="Typographystyled__Typography-sc-1by6236-0 eWMUii">Add to Cart</span>
                                                    </button>
                                                </div>
                                            </div>
                                        </div>
                                        <div class="sc-14d9bbe-4 heCQab"></div>
                                        <button data-testid="add-to-list-button" class="GlobalStyleWrapperstyled__GlobalStyleWrapper-sc-gg5ed3-0 Core__Flex-sc-1a2z39r-0 Buttonstyled__Button-sc-17hrfrr-0 bZmixu PVisF jLZhDm">
                                            <svg aria-hidden="true" focusable="false" data-prefix="fas" data-icon="list-ul" class="svg-inline--fa fa-list-ul " role="img" xmlns="http://www.w3.org/2000/svg" viewBox="0 0 512 512" font-size="16px" name="list-ul">
                                                <path fill="currentColor" d="M64 144a48 48 0 1 0 0-96 48 48 0 1 0 0 96zM192 64c-17.7 0-32 14.3-32 32s14.3 32 32 32l288 0c17.7 0 32-14.3 32-32s-14.3-32-32-32L192 64zm0 160c-17.7 0-32 14.3-32 32s14.3 32 32 32l288 0c17.7 0 32-14.3 32-32s-14.3-32-32-32l-288 0zm0 160c-17.7 0-32 14.3-32 32s14.3 32 32 32l288 0c17.7 0 32-14.3 32-32s-14.3-32-32-32l-288 0zM64 464a48 48 0 1 0 0-96 48 48 0 1 0 0 96zm48-208a48 48 0 1 0 -96 0 48 48 0 1 0 96 0z"></path>
                                            </svg>
                                            <span color="inherit" class="Typographystyled__Typography-sc-1by6236-0 eWMUii">add to list</span>
                                        </button>
                                    </div>
                                </div>
                                <div data-testid="product-card-container" class="sc-dcecc41d-1 inacKu">
                                    <a class="sc-aec2bbd8-0 goNaNy sc-dcecc41d-0 fBmNkX" href="/product/fresh-black-mission-figs/321234">
                                        <div class="sc-dcecc41d-3 fobvDD">
                                            <div class="sc-dcecc41d-7 kSjHOg">
                                                <div data-testid="productCardImage" class="sc-9d45f00f-1 gefqin">
                                                    <img loading="lazy" src="https://images.heb.com/is/image/HEBGrocery/000321234-1?hei=416&amp;wid=416&amp;defaultimage=CentralMarketLogo_t750x550" aria-label="product image of Fresh Black Mission Figs" width="416" class="sc-9d45f00f-0 isjpEI"/>
                                                </div>
                                            </div>
                                        </div>
                                    </a>
                                    <div class="sc-dcecc41d-5 laYwjn">
                                        <div data-testid="pdp-price" class="sc-fee43095-0 eHbBoZ">
                                            <span class="Typographystyled__Typography-sc-1by6236-0 gbsXyt sc-fee43095-1 eXMKIX">$0.89
                                            <!-- -->
                                            <!-- -->
                                            ea</span>
                                        </div>
                                        <a class="sc-aec2bbd8-0 goNaNy sc-dcecc41d-0 fBmNkX" href="/product/fresh-black-mission-figs/321234">
                                            <span data-testid="productCardTitle" class="Typographystyled__Typography-sc-1by6236-0 iaVbLh">Fresh Black Mission Figs</span>
                                        </a>
                                        <div data-testid="product-eawt-info" class="sc-b8807e3a-0 gaIkre">
                                            <div class="sc-b8807e3a-1 mflCu">
                                                <div class="GlobalStyleWrapperstyled__GlobalStyleWrapper-sc-gg5ed3-0 Tagstyled__TagWrapper-sc-yr57by-0 bZmixu kzHTmh">
                                                    <span color="#2B2B2C" class="Typographystyled__Typography-sc-1by6236-0 iaVbLh">Avg. 0.1 lb</span>
                                                </div>
                                                <span class="Typographystyled__Typography-sc-1by6236-0 iaVbLh">$8.99 / lb</span>
                                            </div>
                                        </div>
                                    </div>
                                    <div class="sc-dcecc41d-4 gAOtNW">
                                        <div data-testid="addToCartButton" data-analytics-id="add-to-cart-group" class="sc-14d9bbe-6 iDQyvk">
                                            <div>
                                                <div data-analytics-id="add-to-cart-button" class="sc-14d9bbe-2 juOpgc">
                                                    <button data-testid="add-to-cart-btn" class="GlobalStyleWrapperstyled__GlobalStyleWrapper-sc-gg5ed3-0 Core__Flex-sc-1a2z39r-0 Buttonstyled__Button-sc-17hrfrr-0 bZmixu PVisF jKBZbv sc-14d9bbe-0 inPljW">
                                                        <span color="inherit" class="Typographystyled__Typography-sc-1by6236-0 eWMUii">Add to Cart</span>
                                                    </button>
                                                </div>
                                            </div>
                                        </div>
                                        <div class="sc-14d9bbe-4 heCQab"></div>
                                        <button data-testid="add-to-list-button" class="GlobalStyleWrapperstyled__GlobalStyleWrapper-sc-gg5ed3-0 Core__Flex-sc-1a2z39r-0 Buttonstyled__Button-sc-17hrfrr-0 bZmixu PVisF jLZhDm">
                                            <svg aria-hidden="true" focusable="false" data-prefix="fas" data-icon="list-ul" class="svg-inline--fa fa-list-ul " role="img" xmlns="http://www.w3.org/2000/svg" viewBox="0 0 512 512" font-size="16px" name="list-ul">
                                                <path fill="currentColor" d="M64 144a48 48 0 1 0 0-96 48 48 0 1 0 0 96zM192 64c-17.7 0-32 14.3-32 32s14.3 32 32 32l288 0c17.7 0 32-14.3 32-32s-14.3-32-32-32L192 64zm0 160c-17.7 0-32 14.3-32 32s14.3 32 32 32l288 0c17.7 0 32-14.3 32-32s-14.3-32-32-32l-288 0zm0 160c-17.7 0-32 14.3-32 32s14.3 32 32 32l288 0c17.7 0 32-14.3 32-32s-14.3-32-32-32l-288 0zM64 464a48 48 0 1 0 0-96 48 48 0 1 0 0 96zm48-208a48 48 0 1 0 -96 0 48 48 0 1 0 96 0z"></path>
                                            </svg>
                                            <span color="inherit" class="Typographystyled__Typography-sc-1by6236-0 eWMUii">add to list</span>
                                        </button>
                                    </div>
                                </div>
                                <div data-testid="product-card-container" class="sc-dcecc41d-1 inacKu">
                                    <a class="sc-aec2bbd8-0 goNaNy sc-dcecc41d-0 fBmNkX" href="/product/fresh-snapdragon-apple/1947527">
                                        <div class="sc-dcecc41d-3 fobvDD">
                                            <div class="sc-dcecc41d-7 kSjHOg">
                                                <div data-testid="productCardImage" class="sc-9d45f00f-1 gefqin">
                                                    <img loading="lazy" src="https://images.heb.com/is/image/HEBGrocery/001947527-1?hei=416&amp;wid=416&amp;defaultimage=CentralMarketLogo_t750x550" aria-label="product image of Fresh SnapDragon Apple" width="416" class="sc-9d45f00f-0 isjpEI"/>
                                                </div>
                                            </div>
                                        </div>
                                    </a>
                                    <div class="sc-dcecc41d-5 laYwjn">
                                        <div data-testid="pdp-price" class="sc-fee43095-0 eHbBoZ">
                                            <span class="Typographystyled__Typography-sc-1by6236-0 gbsXyt sc-fee43095-1 eXMKIX">$1.35
                                            <!-- -->
                                            <!-- -->
                                            ea</span>
                                        </div>
                                        <a class="sc-aec2bbd8-0 goNaNy sc-dcecc41d-0 fBmNkX" href="/product/fresh-snapdragon-apple/1947527">
                                            <span data-testid="productCardTitle" class="Typographystyled__Typography-sc-1by6236-0 iaVbLh">Fresh SnapDragon Apple</span>
                                        </a>
                                        <div data-testid="product-eawt-info" class="sc-b8807e3a-0 gaIkre">
                                            <div class="sc-b8807e3a-1 mflCu">
                                                <div class="GlobalStyleWrapperstyled__GlobalStyleWrapper-sc-gg5ed3-0 Tagstyled__TagWrapper-sc-yr57by-0 bZmixu kzHTmh">
                                                    <span color="#2B2B2C" class="Typographystyled__Typography-sc-1by6236-0 iaVbLh">Avg. 0.545 lb</span>
                                                </div>
                                                <span class="Typographystyled__Typography-sc-1by6236-0 iaVbLh">$2.49 / lb</span>
                                            </div>
                                        </div>
                                    </div>
                                    <div class="sc-dcecc41d-4 gAOtNW">
                                        <div data-testid="addToCartButton" data-analytics-id="add-to-cart-group" class="sc-14d9bbe-6 iDQyvk">
                                            <div>
                                                <div data-analytics-id="add-to-cart-button" class="sc-14d9bbe-2 juOpgc">
                                                    <button data-testid="add-to-cart-btn" class="GlobalStyleWrapperstyled__GlobalStyleWrapper-sc-gg5ed3-0 Core__Flex-sc-1a2z39r-0 Buttonstyled__Button-sc-17hrfrr-0 bZmixu PVisF jKBZbv sc-14d9bbe-0 inPljW">
                                                        <span color="inherit" class="Typographystyled__Typography-sc-1by6236-0 eWMUii">Add to Cart</span>
                                                    </button>
                                                </div>
                                            </div>
                                        </div>
                                        <div class="sc-14d9bbe-4 heCQab"></div>
                                        <button data-testid="add-to-list-button" class="GlobalStyleWrapperstyled__GlobalStyleWrapper-sc-gg5ed3-0 Core__Flex-sc-1a2z39r-0 Buttonstyled__Button-sc-17hrfrr-0 bZmixu PVisF jLZhDm">
                                            <svg aria-hidden="true" focusable="false" data-prefix="fas" data-icon="list-ul" class="svg-inline--fa fa-list-ul " role="img" xmlns="http://www.w3.org/2000/svg" viewBox="0 0 512 512" font-size="16px" name="list-ul">
                                                <path fill="currentColor" d="M64 144a48 48 0 1 0 0-96 48 48 0 1 0 0 96zM192 64c-17.7 0-32 14.3-32 32s14.3 32 32 32l288 0c17.7 0 32-14.3 32-32s-14.3-32-32-32L192 64zm0 160c-17.7 0-32 14.3-32 32s14.3 32 32 32l288 0c17.7 0 32-14.3 32-32s-14.3-32-32-32l-288 0zm0 160c-17.7 0-32 14.3-32 32s14.3 32 32 32l288 0c17.7 0 32-14.3 32-32s-14.3-32-32-32l-288 0zM64 464a48 48 0 1 0 0-96 48 48 0 1 0 0 96zm48-208a48 48 0 1 0 -96 0 48 48 0 1 0 96 0z"></path>
                                            </svg>
                                            <span color="inherit" class="Typographystyled__Typography-sc-1by6236-0 eWMUii">add to list</span>
                                        </button>
                                    </div>
                                </div>
                                <div data-testid="product-card-container" class="sc-dcecc41d-1 inacKu">
                                    <a class="sc-aec2bbd8-0 goNaNy sc-dcecc41d-0 fBmNkX" href="/product/fresh-jumbo-pomegranate-each/886114">
                                        <div class="sc-dcecc41d-3 fobvDD">
                                            <div class="sc-dcecc41d-7 kSjHOg">
                                                <div data-testid="productCardImage" class="sc-9d45f00f-1 gefqin">
                                                    <img loading="lazy" src="https://images.heb.com/is/image/HEBGrocery/000886114-1?hei=416&amp;wid=416&amp;defaultimage=CentralMarketLogo_t750x550" aria-label="product image of Fresh Jumbo Pomegranate, Each" width="416" class="sc-9d45f00f-0 isjpEI"/>
                                                </div>
                                            </div>
                                        </div>
                                    </a>
                                    <div class="sc-dcecc41d-5 laYwjn">
                                        <div data-testid="pdp-price" class="sc-fee43095-0 eHbBoZ">
                                            <span class="Typographystyled__Typography-sc-1by6236-0 gbsXyt sc-fee43095-1 eXMKIX">$4.99
                                            <!-- -->
                                            <!-- -->
                                            ea</span>
                                        </div>
                                        <a class="sc-aec2bbd8-0 goNaNy sc-dcecc41d-0 fBmNkX" href="/product/fresh-jumbo-pomegranate-each/886114">
                                            <span data-testid="productCardTitle" class="Typographystyled__Typography-sc-1by6236-0 iaVbLh">Fresh Jumbo Pomegranate, Each</span>
                                        </a>
                                    </div>
                                    <div class="sc-dcecc41d-4 gAOtNW">
                                        <div data-testid="addToCartButton" data-analytics-id="add-to-cart-group" class="sc-14d9bbe-6 iDQyvk">
                                            <div>
                                                <div data-analytics-id="add-to-cart-button" class="sc-14d9bbe-2 juOpgc">
                                                    <button data-testid="add-to-cart-btn" class="GlobalStyleWrapperstyled__GlobalStyleWrapper-sc-gg5ed3-0 Core__Flex-sc-1a2z39r-0 Buttonstyled__Button-sc-17hrfrr-0 bZmixu PVisF jKBZbv sc-14d9bbe-0 inPljW">
                                                        <span color="inherit" class="Typographystyled__Typography-sc-1by6236-0 eWMUii">Add to Cart</span>
                                                    </button>
                                                </div>
                                            </div>
                                        </div>
                                        <div class="sc-14d9bbe-4 heCQab"></div>
                                        <button data-testid="add-to-list-button" class="GlobalStyleWrapperstyled__GlobalStyleWrapper-sc-gg5ed3-0 Core__Flex-sc-1a2z39r-0 Buttonstyled__Button-sc-17hrfrr-0 bZmixu PVisF jLZhDm">
                                            <svg aria-hidden="true" focusable="false" data-prefix="fas" data-icon="list-ul" class="svg-inline--fa fa-list-ul " role="img" xmlns="http://www.w3.org/2000/svg" viewBox="0 0 512 512" font-size="16px" name="list-ul">
                                                <path fill="currentColor" d="M64 144a48 48 0 1 0 0-96 48 48 0 1 0 0 96zM192 64c-17.7 0-32 14.3-32 32s14.3 32 32 32l288 0c17.7 0 32-14.3 32-32s-14.3-32-32-32L192 64zm0 160c-17.7 0-32 14.3-32 32s14.3 32 32 32l288 0c17.7 0 32-14.3 32-32s-14.3-32-32-32l-288 0zm0 160c-17.7 0-32 14.3-32 32s14.3 32 32 32l288 0c17.7 0 32-14.3 32-32s-14.3-32-32-32l-288 0zM64 464a48 48 0 1 0 0-96 48 48 0 1 0 0 96zm48-208a48 48 0 1 0 -96 0 48 48 0 1 0 96 0z"></path>
                                            </svg>
                                            <span color="inherit" class="Typographystyled__Typography-sc-1by6236-0 eWMUii">add to list</span>
                                        </button>
                                    </div>
                                </div>
                                <div data-testid="product-card-container" class="sc-dcecc41d-1 inacKu">
                                    <a class="sc-aec2bbd8-0 goNaNy sc-dcecc41d-0 fBmNkX" href="/product/organic-red-pears/320245">
                                        <div class="sc-dcecc41d-3 fobvDD">
                                            <div class="sc-dcecc41d-7 kSjHOg">
                                                <div data-testid="productCardImage" class="sc-9d45f00f-1 gefqin">
                                                    <img loading="lazy" src="https://images.heb.com/is/image/HEBGrocery/000320245-1?hei=416&amp;wid=416&amp;defaultimage=CentralMarketLogo_t750x550" aria-label="product image of Organic Red Pears" width="416" class="sc-9d45f00f-0 isjpEI"/>
                                                </div>
                                            </div>
                                        </div>
                                    </a>
                                    <div class="sc-dcecc41d-5 laYwjn">
                                        <div data-testid="pdp-price" class="sc-fee43095-0 eHbBoZ">
                                            <span class="Typographystyled__Typography-sc-1by6236-0 gbsXyt sc-fee43095-1 eXMKIX">$2.39
                                            <!-- -->
                                            <!-- -->
                                            ea</span>
                                        </div>
                                        <a class="sc-aec2bbd8-0 goNaNy sc-dcecc41d-0 fBmNkX" href="/product/organic-red-pears/320245">
                                            <span data-testid="productCardTitle" class="Typographystyled__Typography-sc-1by6236-0 iaVbLh">Organic Red Pears</span>
                                        </a>
                                        <div data-testid="product-eawt-info" class="sc-b8807e3a-0 gaIkre">
                                            <div class="sc-b8807e3a-1 mflCu">
                                                <div class="GlobalStyleWrapperstyled__GlobalStyleWrapper-sc-gg5ed3-0 Tagstyled__TagWrapper-sc-yr57by-0 bZmixu kzHTmh">
                                                    <span color="#2B2B2C" class="Typographystyled__Typography-sc-1by6236-0 iaVbLh">Avg. 0.8 lb</span>
                                                </div>
                                                <span class="Typographystyled__Typography-sc-1by6236-0 iaVbLh">$2.99 / lb</span>
                                            </div>
                                        </div>
                                    </div>
                                    <div class="sc-dcecc41d-4 gAOtNW">
                                        <div data-testid="addToCartButton" data-analytics-id="add-to-cart-group" class="sc-14d9bbe-6 iDQyvk">
                                            <div>
                                                <div data-analytics-id="add-to-cart-button" class="sc-14d9bbe-2 juOpgc">
                                                    <button data-testid="add-to-cart-btn" class="GlobalStyleWrapperstyled__GlobalStyleWrapper-sc-gg5ed3-0 Core__Flex-sc-1a2z39r-0 Buttonstyled__Button-sc-17hrfrr-0 bZmixu PVisF jKBZbv sc-14d9bbe-0 inPljW">
                                                        <span color="inherit" class="Typographystyled__Typography-sc-1by6236-0 eWMUii">Add to Cart</span>
                                                    </button>
                                                </div>
                                            </div>
                                        </div>
                                        <div class="sc-14d9bbe-4 heCQab"></div>
                                        <button data-testid="add-to-list-button" class="GlobalStyleWrapperstyled__GlobalStyleWrapper-sc-gg5ed3-0 Core__Flex-sc-1a2z39r-0 Buttonstyled__Button-sc-17hrfrr-0 bZmixu PVisF jLZhDm">
                                            <svg aria-hidden="true" focusable="false" data-prefix="fas" data-icon="list-ul" class="svg-inline--fa fa-list-ul " role="img" xmlns="http://www.w3.org/2000/svg" viewBox="0 0 512 512" font-size="16px" name="list-ul">
                                                <path fill="currentColor" d="M64 144a48 48 0 1 0 0-96 48 48 0 1 0 0 96zM192 64c-17.7 0-32 14.3-32 32s14.3 32 32 32l288 0c17.7 0 32-14.3 32-32s-14.3-32-32-32L192 64zm0 160c-17.7 0-32 14.3-32 32s14.3 32 32 32l288 0c17.7 0 32-14.3 32-32s-14.3-32-32-32l-288 0zm0 160c-17.7 0-32 14.3-32 32s14.3 32 32 32l288 0c17.7 0 32-14.3 32-32s-14.3-32-32-32l-288 0zM64 464a48 48 0 1 0 0-96 48 48 0 1 0 0 96zm48-208a48 48 0 1 0 -96 0 48 48 0 1 0 96 0z"></path>
                                            </svg>
                                            <span color="inherit" class="Typographystyled__Typography-sc-1by6236-0 eWMUii">add to list</span>
                                        </button>
                                    </div>
                                </div>
                                <div data-testid="product-card-container" class="sc-dcecc41d-1 inacKu">
                                    <a class="sc-aec2bbd8-0 goNaNy sc-dcecc41d-0 fBmNkX" href="/product/fresh-organic-opal-gold-apples/1830154">
                                        <div class="sc-dcecc41d-3 fobvDD">
                                            <div class="sc-dcecc41d-7 kSjHOg">
                                                <div data-testid="productCardImage" class="sc-9d45f00f-1 gefqin">
                                                    <img loading="lazy" src="https://images.heb.com/is/image/HEBGrocery/001830154-1?hei=416&amp;wid=416&amp;defaultimage=CentralMarketLogo_t750x550" aria-label="product image of Fresh Organic Opal Gold Apples" width="416" class="sc-9d45f00f-0 isjpEI"/>
                                                </div>
                                            </div>
                                        </div>
                                    </a>
                                    <div class="sc-dcecc41d-5 laYwjn">
                                        <div data-testid="pdp-price" class="sc-fee43095-0 eHbBoZ">
                                            <span class="Typographystyled__Typography-sc-1by6236-0 gbsXyt sc-fee43095-1 eXMKIX">$2.09
                                            <!-- -->
                                            <!-- -->
                                            ea</span>
                                        </div>
                                        <a class="sc-aec2bbd8-0 goNaNy sc-dcecc41d-0 fBmNkX" href="/product/fresh-organic-opal-gold-apples/1830154">
                                            <span data-testid="productCardTitle" class="Typographystyled__Typography-sc-1by6236-0 iaVbLh">Fresh Organic Opal Gold Apples</span>
                                        </a>
                                        <div data-testid="product-eawt-info" class="sc-b8807e3a-0 gaIkre">
                                            <div class="sc-b8807e3a-1 mflCu">
                                                <div class="GlobalStyleWrapperstyled__GlobalStyleWrapper-sc-gg5ed3-0 Tagstyled__TagWrapper-sc-yr57by-0 bZmixu kzHTmh">
                                                    <span color="#2B2B2C" class="Typographystyled__Typography-sc-1by6236-0 iaVbLh">Avg. 0.6 lb</span>
                                                </div>
                                                <span class="Typographystyled__Typography-sc-1by6236-0 iaVbLh">$3.49 / lb</span>
                                            </div>
                                        </div>
                                    </div>
                                    <div class="sc-dcecc41d-4 gAOtNW">
                                        <div data-testid="addToCartButton" data-analytics-id="add-to-cart-group" class="sc-14d9bbe-6 iDQyvk">
                                            <div>
                                                <div data-analytics-id="add-to-cart-button" class="sc-14d9bbe-2 juOpgc">
                                                    <button data-testid="add-to-cart-btn" class="GlobalStyleWrapperstyled__GlobalStyleWrapper-sc-gg5ed3-0 Core__Flex-sc-1a2z39r-0 Buttonstyled__Button-sc-17hrfrr-0 bZmixu PVisF jKBZbv sc-14d9bbe-0 inPljW">
                                                        <span color="inherit" class="Typographystyled__Typography-sc-1by6236-0 eWMUii">Add to Cart</span>
                                                    </button>
                                                </div>
                                            </div>
                                        </div>
                                        <div class="sc-14d9bbe-4 heCQab"></div>
                                        <button data-testid="add-to-list-button" class="GlobalStyleWrapperstyled__GlobalStyleWrapper-sc-gg5ed3-0 Core__Flex-sc-1a2z39r-0 Buttonstyled__Button-sc-17hrfrr-0 bZmixu PVisF jLZhDm">
                                            <svg aria-hidden="true" focusable="false" data-prefix="fas" data-icon="list-ul" class="svg-inline--fa fa-list-ul " role="img" xmlns="http://www.w3.org/2000/svg" viewBox="0 0 512 512" font-size="16px" name="list-ul">
                                                <path fill="currentColor" d="M64 144a48 48 0 1 0 0-96 48 48 0 1 0 0 96zM192 64c-17.7 0-32 14.3-32 32s14.3 32 32 32l288 0c17.7 0 32-14.3 32-32s-14.3-32-32-32L192 64zm0 160c-17.7 0-32 14.3-32 32s14.3 32 32 32l288 0c17.7 0 32-14.3 32-32s-14.3-32-32-32l-288 0zm0 160c-17.7 0-32 14.3-32 32s14.3 32 32 32l288 0c17.7 0 32-14.3 32-32s-14.3-32-32-32l-288 0zM64 464a48 48 0 1 0 0-96 48 48 0 1 0 0 96zm48-208a48 48 0 1 0 -96 0 48 48 0 1 0 96 0z"></path>
                                            </svg>
                                            <span color="inherit" class="Typographystyled__Typography-sc-1by6236-0 eWMUii">add to list</span>
                                        </button>
                                    </div>
                                </div>
                                <div data-testid="product-card-container" class="sc-dcecc41d-1 inacKu">
                                    <a class="sc-aec2bbd8-0 goNaNy sc-dcecc41d-0 fBmNkX" href="/product/fresh-bosc-pear/320720">
                                        <div class="sc-dcecc41d-3 fobvDD">
                                            <div class="sc-dcecc41d-7 kSjHOg">
                                                <div data-testid="productCardImage" class="sc-9d45f00f-1 gefqin">
                                                    <img loading="lazy" src="https://images.heb.com/is/image/HEBGrocery/000320720-1?hei=416&amp;wid=416&amp;defaultimage=CentralMarketLogo_t750x550" aria-label="product image of Fresh Bosc Pear" width="416" class="sc-9d45f00f-0 isjpEI"/>
                                                </div>
                                            </div>
                                        </div>
                                    </a>
                                    <div class="sc-dcecc41d-5 laYwjn">
                                        <div data-testid="pdp-price" class="sc-fee43095-0 eHbBoZ">
                                            <span class="Typographystyled__Typography-sc-1by6236-0 gbsXyt sc-fee43095-1 eXMKIX">$1.24
                                            <!-- -->
                                            <!-- -->
                                            ea</span>
                                        </div>
                                        <a class="sc-aec2bbd8-0 goNaNy sc-dcecc41d-0 fBmNkX" href="/product/fresh-bosc-pear/320720">
                                            <span data-testid="productCardTitle" class="Typographystyled__Typography-sc-1by6236-0 iaVbLh">Fresh Bosc Pear</span>
                                        </a>
                                        <div data-testid="product-eawt-info" class="sc-b8807e3a-0 gaIkre">
                                            <div class="sc-b8807e3a-1 mflCu">
                                                <div class="GlobalStyleWrapperstyled__GlobalStyleWrapper-sc-gg5ed3-0 Tagstyled__TagWrapper-sc-yr57by-0 bZmixu kzHTmh">
                                                    <span color="#2B2B2C" class="Typographystyled__Typography-sc-1by6236-0 iaVbLh">Avg. 0.5 lb</span>
                                                </div>
                                                <span class="Typographystyled__Typography-sc-1by6236-0 iaVbLh">$2.49 / lb</span>
                                            </div>
                                        </div>
                                    </div>
                                    <div class="sc-dcecc41d-4 gAOtNW">
                                        <div data-testid="addToCartButton" data-analytics-id="add-to-cart-group" class="sc-14d9bbe-6 iDQyvk">
                                            <div>
                                                <div data-analytics-id="add-to-cart-button" class="sc-14d9bbe-2 juOpgc">
                                                    <button data-testid="add-to-cart-btn" class="GlobalStyleWrapperstyled__GlobalStyleWrapper-sc-gg5ed3-0 Core__Flex-sc-1a2z39r-0 Buttonstyled__Button-sc-17hrfrr-0 bZmixu PVisF jKBZbv sc-14d9bbe-0 inPljW">
                                                        <span color="inherit" class="Typographystyled__Typography-sc-1by6236-0 eWMUii">Add to Cart</span>
                                                    </button>
                                                </div>
                                            </div>
                                        </div>
                                        <div class="sc-14d9bbe-4 heCQab"></div>
                                        <button data-testid="add-to-list-button" class="GlobalStyleWrapperstyled__GlobalStyleWrapper-sc-gg5ed3-0 Core__Flex-sc-1a2z39r-0 Buttonstyled__Button-sc-17hrfrr-0 bZmixu PVisF jLZhDm">
                                            <svg aria-hidden="true" focusable="false" data-prefix="fas" data-icon="list-ul" class="svg-inline--fa fa-list-ul " role="img" xmlns="http://www.w3.org/2000/svg" viewBox="0 0 512 512" font-size="16px" name="list-ul">
                                                <path fill="currentColor" d="M64 144a48 48 0 1 0 0-96 48 48 0 1 0 0 96zM192 64c-17.7 0-32 14.3-32 32s14.3 32 32 32l288 0c17.7 0 32-14.3 32-32s-14.3-32-32-32L192 64zm0 160c-17.7 0-32 14.3-32 32s14.3 32 32 32l288 0c17.7 0 32-14.3 32-32s-14.3-32-32-32l-288 0zm0 160c-17.7 0-32 14.3-32 32s14.3 32 32 32l288 0c17.7 0 32-14.3 32-32s-14.3-32-32-32l-288 0zM64 464a48 48 0 1 0 0-96 48 48 0 1 0 0 96zm48-208a48 48 0 1 0 -96 0 48 48 0 1 0 96 0z"></path>
                                            </svg>
                                            <span color="inherit" class="Typographystyled__Typography-sc-1by6236-0 eWMUii">add to list</span>
                                        </button>
                                    </div>
                                </div>
                                <div data-testid="product-card-container" class="sc-dcecc41d-1 inacKu">
                                    <a class="sc-aec2bbd8-0 goNaNy sc-dcecc41d-0 fBmNkX" href="/product/central-market-small-prepless-honeydew-chunks/1564246">
                                        <div class="sc-dcecc41d-3 fobvDD">
                                            <div class="sc-dcecc41d-7 kSjHOg">
                                                <div data-testid="productCardImage" class="sc-9d45f00f-1 gefqin">
                                                    <img loading="lazy" src="https://images.heb.com/is/image/HEBGrocery/001564246-1?hei=416&amp;wid=416&amp;defaultimage=CentralMarketLogo_t750x550" aria-label="product image of Central Market Small Prepless Honeydew Chunks" width="416" class="sc-9d45f00f-0 isjpEI"/>
                                                </div>
                                            </div>
                                        </div>
                                    </a>
                                    <div class="sc-dcecc41d-5 laYwjn">
                                        <div data-testid="pdp-price" class="sc-fee43095-0 eHbBoZ">
                                            <span class="Typographystyled__Typography-sc-1by6236-0 gbsXyt sc-fee43095-1 eXMKIX">$4.19
                                            <!-- -->
                                            <!-- -->
                                            ea</span>
                                        </div>
                                        <a class="sc-aec2bbd8-0 goNaNy sc-dcecc41d-0 fBmNkX" href="/product/central-market-small-prepless-honeydew-chunks/1564246">
                                            <span data-testid="productCardTitle" class="Typographystyled__Typography-sc-1by6236-0 iaVbLh">Central Market Small Prepless Honeydew Chunks</span>
                                        </a>
                                        <div data-testid="product-eawt-info" class="sc-b8807e3a-0 gaIkre">
                                            <div class="sc-b8807e3a-1 mflCu">
                                                <div class="GlobalStyleWrapperstyled__GlobalStyleWrapper-sc-gg5ed3-0 Tagstyled__TagWrapper-sc-yr57by-0 bZmixu kzHTmh">
                                                    <span color="#2B2B2C" class="Typographystyled__Typography-sc-1by6236-0 iaVbLh">Avg. 0.7 lb</span>
                                                </div>
                                                <span class="Typographystyled__Typography-sc-1by6236-0 iaVbLh">$5.99 / lb</span>
                                            </div>
                                        </div>
                                    </div>
                                    <div class="sc-dcecc41d-4 gAOtNW">
                                        <div data-testid="addToCartButton" data-analytics-id="add-to-cart-group" class="sc-14d9bbe-6 iDQyvk">
                                            <div>
                                                <div data-analytics-id="add-to-cart-button" class="sc-14d9bbe-2 juOpgc">
                                                    <button data-testid="add-to-cart-btn" class="GlobalStyleWrapperstyled__GlobalStyleWrapper-sc-gg5ed3-0 Core__Flex-sc-1a2z39r-0 Buttonstyled__Button-sc-17hrfrr-0 bZmixu PVisF jKBZbv sc-14d9bbe-0 inPljW">
                                                        <span color="inherit" class="Typographystyled__Typography-sc-1by6236-0 eWMUii">Add to Cart</span>
                                                    </button>
                                                </div>
                                            </div>
                                        </div>
                                        <div class="sc-14d9bbe-4 heCQab"></div>
                                        <button data-testid="add-to-list-button" class="GlobalStyleWrapperstyled__GlobalStyleWrapper-sc-gg5ed3-0 Core__Flex-sc-1a2z39r-0 Buttonstyled__Button-sc-17hrfrr-0 bZmixu PVisF jLZhDm">
                                            <svg aria-hidden="true" focusable="false" data-prefix="fas" data-icon="list-ul" class="svg-inline--fa fa-list-ul " role="img" xmlns="http://www.w3.org/2000/svg" viewBox="0 0 512 512" font-size="16px" name="list-ul">
                                                <path fill="currentColor" d="M64 144a48 48 0 1 0 0-96 48 48 0 1 0 0 96zM192 64c-17.7 0-32 14.3-32 32s14.3 32 32 32l288 0c17.7 0 32-14.3 32-32s-14.3-32-32-32L192 64zm0 160c-17.7 0-32 14.3-32 32s14.3 32 32 32l288 0c17.7 0 32-14.3 32-32s-14.3-32-32-32l-288 0zm0 160c-17.7 0-32 14.3-32 32s14.3 32 32 32l288 0c17.7 0 32-14.3 32-32s-14.3-32-32-32l-288 0zM64 464a48 48 0 1 0 0-96 48 48 0 1 0 0 96zm48-208a48 48 0 1 0 -96 0 48 48 0 1 0 96 0z"></path>
                                            </svg>
                                            <span color="inherit" class="Typographystyled__Typography-sc-1by6236-0 eWMUii">add to list</span>
                                        </button>
                                    </div>
                                </div>
                                <div data-testid="product-card-container" class="sc-dcecc41d-1 inacKu">
                                    <a class="sc-aec2bbd8-0 goNaNy sc-dcecc41d-0 fBmNkX" href="/product/fresh-organic-pink-lady-apples/320637">
                                        <div class="sc-dcecc41d-3 fobvDD">
                                            <div class="sc-dcecc41d-7 kSjHOg">
                                                <div data-testid="productCardImage" class="sc-9d45f00f-1 gefqin">
                                                    <img loading="lazy" src="https://images.heb.com/is/image/HEBGrocery/000320637-1?hei=416&amp;wid=416&amp;defaultimage=CentralMarketLogo_t750x550" aria-label="product image of Fresh Organic Pink Lady Apples" width="416" class="sc-9d45f00f-0 isjpEI"/>
                                                </div>
                                            </div>
                                        </div>
                                    </a>
                                    <div class="sc-dcecc41d-5 laYwjn">
                                        <div data-testid="pdp-price" class="sc-fee43095-0 eHbBoZ">
                                            <span class="Typographystyled__Typography-sc-1by6236-0 gbsXyt sc-fee43095-1 eXMKIX">$1.28
                                            <!-- -->
                                            <!-- -->
                                            ea</span>
                                        </div>
                                        <a class="sc-aec2bbd8-0 goNaNy sc-dcecc41d-0 fBmNkX" href="/product/fresh-organic-pink-lady-apples/320637">
                                            <span data-testid="productCardTitle" class="Typographystyled__Typography-sc-1by6236-0 iaVbLh">Fresh Organic Pink Lady Apples</span>
                                        </a>
                                        <div data-testid="product-eawt-info" class="sc-b8807e3a-0 gaIkre">
                                            <div class="sc-b8807e3a-1 mflCu">
                                                <div class="GlobalStyleWrapperstyled__GlobalStyleWrapper-sc-gg5ed3-0 Tagstyled__TagWrapper-sc-yr57by-0 bZmixu kzHTmh">
                                                    <span color="#2B2B2C" class="Typographystyled__Typography-sc-1by6236-0 iaVbLh">Avg. 0.43 lb</span>
                                                </div>
                                                <span class="Typographystyled__Typography-sc-1by6236-0 iaVbLh">$2.99 / lb</span>
                                            </div>
                                        </div>
                                    </div>
                                    <div class="sc-dcecc41d-4 gAOtNW">
                                        <div data-testid="addToCartButton" data-analytics-id="add-to-cart-group" class="sc-14d9bbe-6 iDQyvk">
                                            <div>
                                                <div data-analytics-id="add-to-cart-button" class="sc-14d9bbe-2 juOpgc">
                                                    <button data-testid="add-to-cart-btn" class="GlobalStyleWrapperstyled__GlobalStyleWrapper-sc-gg5ed3-0 Core__Flex-sc-1a2z39r-0 Buttonstyled__Button-sc-17hrfrr-0 bZmixu PVisF jKBZbv sc-14d9bbe-0 inPljW">
                                                        <span color="inherit" class="Typographystyled__Typography-sc-1by6236-0 eWMUii">Add to Cart</span>
                                                    </button>
                                                </div>
                                            </div>
                                        </div>
                                        <div class="sc-14d9bbe-4 heCQab"></div>
                                        <button data-testid="add-to-list-button" class="GlobalStyleWrapperstyled__GlobalStyleWrapper-sc-gg5ed3-0 Core__Flex-sc-1a2z39r-0 Buttonstyled__Button-sc-17hrfrr-0 bZmixu PVisF jLZhDm">
                                            <svg aria-hidden="true" focusable="false" data-prefix="fas" data-icon="list-ul" class="svg-inline--fa fa-list-ul " role="img" xmlns="http://www.w3.org/2000/svg" viewBox="0 0 512 512" font-size="16px" name="list-ul">
                                                <path fill="currentColor" d="M64 144a48 48 0 1 0 0-96 48 48 0 1 0 0 96zM192 64c-17.7 0-32 14.3-32 32s14.3 32 32 32l288 0c17.7 0 32-14.3 32-32s-14.3-32-32-32L192 64zm0 160c-17.7 0-32 14.3-32 32s14.3 32 32 32l288 0c17.7 0 32-14.3 32-32s-14.3-32-32-32l-288 0zm0 160c-17.7 0-32 14.3-32 32s14.3 32 32 32l288 0c17.7 0 32-14.3 32-32s-14.3-32-32-32l-288 0zM64 464a48 48 0 1 0 0-96 48 48 0 1 0 0 96zm48-208a48 48 0 1 0 -96 0 48 48 0 1 0 96 0z"></path>
                                            </svg>
                                            <span color="inherit" class="Typographystyled__Typography-sc-1by6236-0 eWMUii">add to list</span>
                                        </button>
                                    </div>
                                </div>
                                <div data-testid="product-card-container" class="sc-dcecc41d-1 inacKu">
                                    <a class="sc-aec2bbd8-0 goNaNy sc-dcecc41d-0 fBmNkX" href="/product/fresh-organic-gala-apple/320251">
                                        <div class="sc-dcecc41d-3 fobvDD">
                                            <div class="sc-dcecc41d-7 kSjHOg">
                                                <div data-testid="productCardImage" class="sc-9d45f00f-1 gefqin">
                                                    <img loading="lazy" src="https://images.heb.com/is/image/HEBGrocery/000320251-1?hei=416&amp;wid=416&amp;defaultimage=CentralMarketLogo_t750x550" aria-label="product image of Fresh Organic Gala Apple" width="416" class="sc-9d45f00f-0 isjpEI"/>
                                                </div>
                                            </div>
                                        </div>
                                    </a>
                                    <div class="sc-dcecc41d-5 laYwjn">
                                        <div data-testid="pdp-price" class="sc-fee43095-0 eHbBoZ">
                                            <span class="Typographystyled__Typography-sc-1by6236-0 gbsXyt sc-fee43095-1 eXMKIX">$1.36
                                            <!-- -->
                                            <!-- -->
                                            ea</span>
                                        </div>
                                        <a class="sc-aec2bbd8-0 goNaNy sc-dcecc41d-0 fBmNkX" href="/product/fresh-organic-gala-apple/320251">
                                            <span data-testid="productCardTitle" class="Typographystyled__Typography-sc-1by6236-0 iaVbLh">Fresh Organic Gala Apple</span>
                                        </a>
                                        <div data-testid="product-eawt-info" class="sc-b8807e3a-0 gaIkre">
                                            <div class="sc-b8807e3a-1 mflCu">
                                                <div class="GlobalStyleWrapperstyled__GlobalStyleWrapper-sc-gg5ed3-0 Tagstyled__TagWrapper-sc-yr57by-0 bZmixu kzHTmh">
                                                    <span color="#2B2B2C" class="Typographystyled__Typography-sc-1by6236-0 iaVbLh">Avg. 0.46 lb</span>
                                                </div>
                                                <span class="Typographystyled__Typography-sc-1by6236-0 iaVbLh">$2.97 / lb</span>
                                            </div>
                                        </div>
                                    </div>
                                    <div class="sc-dcecc41d-4 gAOtNW">
                                        <div data-testid="addToCartButton" data-analytics-id="add-to-cart-group" class="sc-14d9bbe-6 iDQyvk">
                                            <div>
                                                <div data-analytics-id="add-to-cart-button" class="sc-14d9bbe-2 juOpgc">
                                                    <button data-testid="add-to-cart-btn" class="GlobalStyleWrapperstyled__GlobalStyleWrapper-sc-gg5ed3-0 Core__Flex-sc-1a2z39r-0 Buttonstyled__Button-sc-17hrfrr-0 bZmixu PVisF jKBZbv sc-14d9bbe-0 inPljW">
                                                        <span color="inherit" class="Typographystyled__Typography-sc-1by6236-0 eWMUii">Add to Cart</span>
                                                    </button>
                                                </div>
                                            </div>
                                        </div>
                                        <div class="sc-14d9bbe-4 heCQab"></div>
                                        <button data-testid="add-to-list-button" class="GlobalStyleWrapperstyled__GlobalStyleWrapper-sc-gg5ed3-0 Core__Flex-sc-1a2z39r-0 Buttonstyled__Button-sc-17hrfrr-0 bZmixu PVisF jLZhDm">
                                            <svg aria-hidden="true" focusable="false" data-prefix="fas" data-icon="list-ul" class="svg-inline--fa fa-list-ul " role="img" xmlns="http://www.w3.org/2000/svg" viewBox="0 0 512 512" font-size="16px" name="list-ul">
                                                <path fill="currentColor" d="M64 144a48 48 0 1 0 0-96 48 48 0 1 0 0 96zM192 64c-17.7 0-32 14.3-32 32s14.3 32 32 32l288 0c17.7 0 32-14.3 32-32s-14.3-32-32-32L192 64zm0 160c-17.7 0-32 14.3-32 32s14.3 32 32 32l288 0c17.7 0 32-14.3 32-32s-14.3-32-32-32l-288 0zm0 160c-17.7 0-32 14.3-32 32s14.3 32 32 32l288 0c17.7 0 32-14.3 32-32s-14.3-32-32-32l-288 0zM64 464a48 48 0 1 0 0-96 48 48 0 1 0 0 96zm48-208a48 48 0 1 0 -96 0 48 48 0 1 0 96 0z"></path>
                                            </svg>
                                            <span color="inherit" class="Typographystyled__Typography-sc-1by6236-0 eWMUii">add to list</span>
                                        </button>
                                    </div>
                                </div>
                                <div data-testid="product-card-container" class="sc-dcecc41d-1 inacKu">
                                    <a class="sc-aec2bbd8-0 goNaNy sc-dcecc41d-0 fBmNkX" href="/product/fresh-mangosteen/1098433">
                                        <div class="sc-dcecc41d-3 fobvDD">
                                            <div class="sc-dcecc41d-7 kSjHOg">
                                                <div data-testid="productCardImage" class="sc-9d45f00f-1 gefqin">
                                                    <img loading="lazy" src="https://images.heb.com/is/image/HEBGrocery/001098433-1?hei=416&amp;wid=416&amp;defaultimage=CentralMarketLogo_t750x550" aria-label="product image of Fresh Mangosteen" width="416" class="sc-9d45f00f-0 isjpEI"/>
                                                </div>
                                            </div>
                                        </div>
                                    </a>
                                    <div class="sc-dcecc41d-5 laYwjn">
                                        <div data-testid="pdp-price" class="sc-fee43095-0 eHbBoZ">
                                            <span class="Typographystyled__Typography-sc-1by6236-0 gbsXyt sc-fee43095-1 eXMKIX">$3.25
                                            <!-- -->
                                            <!-- -->
                                            ea</span>
                                        </div>
                                        <a class="sc-aec2bbd8-0 goNaNy sc-dcecc41d-0 fBmNkX" href="/product/fresh-mangosteen/1098433">
                                            <span data-testid="productCardTitle" class="Typographystyled__Typography-sc-1by6236-0 iaVbLh">Fresh Mangosteen</span>
                                        </a>
                                        <div data-testid="product-eawt-info" class="sc-b8807e3a-0 gaIkre">
                                            <div class="sc-b8807e3a-1 mflCu">
                                                <div class="GlobalStyleWrapperstyled__GlobalStyleWrapper-sc-gg5ed3-0 Tagstyled__TagWrapper-sc-yr57by-0 bZmixu kzHTmh">
                                                    <span color="#2B2B2C" class="Typographystyled__Typography-sc-1by6236-0 iaVbLh">Avg. 0.25 lb</span>
                                                </div>
                                                <span class="Typographystyled__Typography-sc-1by6236-0 iaVbLh">$13.00 / lb</span>
                                            </div>
                                        </div>
                                    </div>
                                    <div class="sc-dcecc41d-4 gAOtNW">
                                        <div data-testid="addToCartButton" data-analytics-id="add-to-cart-group" class="sc-14d9bbe-6 iDQyvk">
                                            <div>
                                                <div data-analytics-id="add-to-cart-button" class="sc-14d9bbe-2 juOpgc">
                                                    <button data-testid="add-to-cart-btn" class="GlobalStyleWrapperstyled__GlobalStyleWrapper-sc-gg5ed3-0 Core__Flex-sc-1a2z39r-0 Buttonstyled__Button-sc-17hrfrr-0 bZmixu PVisF jKBZbv sc-14d9bbe-0 inPljW">
                                                        <span color="inherit" class="Typographystyled__Typography-sc-1by6236-0 eWMUii">Add to Cart</span>
                                                    </button>
                                                </div>
                                            </div>
                                        </div>
                                        <div class="sc-14d9bbe-4 heCQab"></div>
                                        <button data-testid="add-to-list-button" class="GlobalStyleWrapperstyled__GlobalStyleWrapper-sc-gg5ed3-0 Core__Flex-sc-1a2z39r-0 Buttonstyled__Button-sc-17hrfrr-0 bZmixu PVisF jLZhDm">
                                            <svg aria-hidden="true" focusable="false" data-prefix="fas" data-icon="list-ul" class="svg-inline--fa fa-list-ul " role="img" xmlns="http://www.w3.org/2000/svg" viewBox="0 0 512 512" font-size="16px" name="list-ul">
                                                <path fill="currentColor" d="M64 144a48 48 0 1 0 0-96 48 48 0 1 0 0 96zM192 64c-17.7 0-32 14.3-32 32s14.3 32 32 32l288 0c17.7 0 32-14.3 32-32s-14.3-32-32-32L192 64zm0 160c-17.7 0-32 14.3-32 32s14.3 32 32 32l288 0c17.7 0 32-14.3 32-32s-14.3-32-32-32l-288 0zm0 160c-17.7 0-32 14.3-32 32s14.3 32 32 32l288 0c17.7 0 32-14.3 32-32s-14.3-32-32-32l-288 0zM64 464a48 48 0 1 0 0-96 48 48 0 1 0 0 96zm48-208a48 48 0 1 0 -96 0 48 48 0 1 0 96 0z"></path>
                                            </svg>
                                            <span color="inherit" class="Typographystyled__Typography-sc-1by6236-0 eWMUii">add to list</span>
                                        </button>
                                    </div>
                                </div>
                                <div data-testid="product-card-container" class="sc-dcecc41d-1 inacKu">
                                    <a class="sc-aec2bbd8-0 goNaNy sc-dcecc41d-0 fBmNkX" href="/product/central-market-small-prepless-mango-chunks/1564237">
                                        <div class="sc-dcecc41d-3 fobvDD">
                                            <div class="sc-dcecc41d-7 kSjHOg">
                                                <div data-testid="productCardImage" class="sc-9d45f00f-1 gefqin">
                                                    <img loading="lazy" src="https://images.heb.com/is/image/HEBGrocery/001564237-1?hei=416&amp;wid=416&amp;defaultimage=CentralMarketLogo_t750x550" aria-label="product image of Central Market Small Prepless Mango Chunks" width="416" class="sc-9d45f00f-0 isjpEI"/>
                                                </div>
                                            </div>
                                        </div>
                                    </a>
                                    <div class="sc-dcecc41d-5 laYwjn">
                                        <div data-testid="pdp-price" class="sc-fee43095-0 eHbBoZ">
                                            <span class="Typographystyled__Typography-sc-1by6236-0 gbsXyt sc-fee43095-1 eXMKIX">$5.99
                                            <!-- -->
                                            <!-- -->
                                            ea</span>
                                        </div>
                                        <a class="sc-aec2bbd8-0 goNaNy sc-dcecc41d-0 fBmNkX" href="/product/central-market-small-prepless-mango-chunks/1564237">
                                            <span data-testid="productCardTitle" class="Typographystyled__Typography-sc-1by6236-0 iaVbLh">Central Market Small Prepless Mango Chunks</span>
                                        </a>
                                        <div data-testid="product-eawt-info" class="sc-b8807e3a-0 gaIkre">
                                            <div class="sc-b8807e3a-1 mflCu">
                                                <div class="GlobalStyleWrapperstyled__GlobalStyleWrapper-sc-gg5ed3-0 Tagstyled__TagWrapper-sc-yr57by-0 bZmixu kzHTmh">
                                                    <span color="#2B2B2C" class="Typographystyled__Typography-sc-1by6236-0 iaVbLh">Avg. 0.6 lb</span>
                                                </div>
                                                <span class="Typographystyled__Typography-sc-1by6236-0 iaVbLh">$9.99 / lb</span>
                                            </div>
                                        </div>
                                    </div>
                                    <div class="sc-dcecc41d-4 gAOtNW">
                                        <div data-testid="addToCartButton" data-analytics-id="add-to-cart-group" class="sc-14d9bbe-6 iDQyvk">
                                            <div>
                                                <div data-analytics-id="add-to-cart-button" class="sc-14d9bbe-2 juOpgc">
                                                    <button data-testid="add-to-cart-btn" class="GlobalStyleWrapperstyled__GlobalStyleWrapper-sc-gg5ed3-0 Core__Flex-sc-1a2z39r-0 Buttonstyled__Button-sc-17hrfrr-0 bZmixu PVisF jKBZbv sc-14d9bbe-0 inPljW">
                                                        <span color="inherit" class="Typographystyled__Typography-sc-1by6236-0 eWMUii">Add to Cart</span>
                                                    </button>
                                                </div>
                                            </div>
                                        </div>
                                        <div class="sc-14d9bbe-4 heCQab"></div>
                                        <button data-testid="add-to-list-button" class="GlobalStyleWrapperstyled__GlobalStyleWrapper-sc-gg5ed3-0 Core__Flex-sc-1a2z39r-0 Buttonstyled__Button-sc-17hrfrr-0 bZmixu PVisF jLZhDm">
                                            <svg aria-hidden="true" focusable="false" data-prefix="fas" data-icon="list-ul" class="svg-inline--fa fa-list-ul " role="img" xmlns="http://www.w3.org/2000/svg" viewBox="0 0 512 512" font-size="16px" name="list-ul">
                                                <path fill="currentColor" d="M64 144a48 48 0 1 0 0-96 48 48 0 1 0 0 96zM192 64c-17.7 0-32 14.3-32 32s14.3 32 32 32l288 0c17.7 0 32-14.3 32-32s-14.3-32-32-32L192 64zm0 160c-17.7 0-32 14.3-32 32s14.3 32 32 32l288 0c17.7 0 32-14.3 32-32s-14.3-32-32-32l-288 0zm0 160c-17.7 0-32 14.3-32 32s14.3 32 32 32l288 0c17.7 0 32-14.3 32-32s-14.3-32-32-32l-288 0zM64 464a48 48 0 1 0 0-96 48 48 0 1 0 0 96zm48-208a48 48 0 1 0 -96 0 48 48 0 1 0 96 0z"></path>
                                            </svg>
                                            <span color="inherit" class="Typographystyled__Typography-sc-1by6236-0 eWMUii">add to list</span>
                                        </button>
                                    </div>
                                </div>
                                <div data-testid="product-card-container" class="sc-dcecc41d-1 inacKu">
                                    <a class="sc-aec2bbd8-0 goNaNy sc-dcecc41d-0 fBmNkX" href="/product/fresh-gala-apple/375146">
                                        <div class="sc-dcecc41d-3 fobvDD">
                                            <div class="sc-dcecc41d-7 kSjHOg">
                                                <div data-testid="productCardImage" class="sc-9d45f00f-1 gefqin">
                                                    <img loading="lazy" src="https://images.heb.com/is/image/HEBGrocery/000375146-1?hei=416&amp;wid=416&amp;defaultimage=CentralMarketLogo_t750x550" aria-label="product image of Fresh Gala Apple" width="416" class="sc-9d45f00f-0 isjpEI"/>
                                                </div>
                                            </div>
                                        </div>
                                    </a>
                                    <div class="sc-dcecc41d-5 laYwjn">
                                        <div data-testid="pdp-price" class="sc-fee43095-0 eHbBoZ">
                                            <span class="Typographystyled__Typography-sc-1by6236-0 gbsXyt sc-fee43095-1 eXMKIX">$0.77
                                            <!-- -->
                                            <!-- -->
                                            ea</span>
                                        </div>
                                        <a class="sc-aec2bbd8-0 goNaNy sc-dcecc41d-0 fBmNkX" href="/product/fresh-gala-apple/375146">
                                            <span data-testid="productCardTitle" class="Typographystyled__Typography-sc-1by6236-0 iaVbLh">Fresh Gala Apple</span>
                                        </a>
                                        <div data-testid="product-eawt-info" class="sc-b8807e3a-0 gaIkre">
                                            <div class="sc-b8807e3a-1 mflCu">
                                                <div class="GlobalStyleWrapperstyled__GlobalStyleWrapper-sc-gg5ed3-0 Tagstyled__TagWrapper-sc-yr57by-0 bZmixu kzHTmh">
                                                    <span color="#2B2B2C" class="Typographystyled__Typography-sc-1by6236-0 iaVbLh">Avg. 0.46 lb</span>
                                                </div>
                                                <span class="Typographystyled__Typography-sc-1by6236-0 iaVbLh">$1.69 / lb</span>
                                            </div>
                                        </div>
                                    </div>
                                    <div class="sc-dcecc41d-4 gAOtNW">
                                        <div data-testid="addToCartButton" data-analytics-id="add-to-cart-group" class="sc-14d9bbe-6 iDQyvk">
                                            <div>
                                                <div data-analytics-id="add-to-cart-button" class="sc-14d9bbe-2 juOpgc">
                                                    <button data-testid="add-to-cart-btn" class="GlobalStyleWrapperstyled__GlobalStyleWrapper-sc-gg5ed3-0 Core__Flex-sc-1a2z39r-0 Buttonstyled__Button-sc-17hrfrr-0 bZmixu PVisF jKBZbv sc-14d9bbe-0 inPljW">
                                                        <span color="inherit" class="Typographystyled__Typography-sc-1by6236-0 eWMUii">Add to Cart</span>
                                                    </button>
                                                </div>
                                            </div>
                                        </div>
                                        <div class="sc-14d9bbe-4 heCQab"></div>
                                        <button data-testid="add-to-list-button" class="GlobalStyleWrapperstyled__GlobalStyleWrapper-sc-gg5ed3-0 Core__Flex-sc-1a2z39r-0 Buttonstyled__Button-sc-17hrfrr-0 bZmixu PVisF jLZhDm">
                                            <svg aria-hidden="true" focusable="false" data-prefix="fas" data-icon="list-ul" class="svg-inline--fa fa-list-ul " role="img" xmlns="http://www.w3.org/2000/svg" viewBox="0 0 512 512" font-size="16px" name="list-ul">
                                                <path fill="currentColor" d="M64 144a48 48 0 1 0 0-96 48 48 0 1 0 0 96zM192 64c-17.7 0-32 14.3-32 32s14.3 32 32 32l288 0c17.7 0 32-14.3 32-32s-14.3-32-32-32L192 64zm0 160c-17.7 0-32 14.3-32 32s14.3 32 32 32l288 0c17.7 0 32-14.3 32-32s-14.3-32-32-32l-288 0zm0 160c-17.7 0-32 14.3-32 32s14.3 32 32 32l288 0c17.7 0 32-14.3 32-32s-14.3-32-32-32l-288 0zM64 464a48 48 0 1 0 0-96 48 48 0 1 0 0 96zm48-208a48 48 0 1 0 -96 0 48 48 0 1 0 96 0z"></path>
                                            </svg>
                                            <span color="inherit" class="Typographystyled__Typography-sc-1by6236-0 eWMUii">add to list</span>
                                        </button>
                                    </div>
                                </div>
                                <div data-testid="product-card-container" class="sc-dcecc41d-1 inacKu">
                                    <a class="sc-aec2bbd8-0 goNaNy sc-dcecc41d-0 fBmNkX" href="/product/central-market-large-prepless-red-and-green-grapes/1564287">
                                        <div class="sc-dcecc41d-3 fobvDD">
                                            <div class="sc-dcecc41d-7 kSjHOg">
                                                <div data-testid="productCardImage" class="sc-9d45f00f-1 gefqin">
                                                    <img loading="lazy" src="https://images.heb.com/is/image/HEBGrocery/001564287-1?hei=416&amp;wid=416&amp;defaultimage=CentralMarketLogo_t750x550" aria-label="product image of Central Market Large Prepless Red &amp; Green Grapes" width="416" class="sc-9d45f00f-0 isjpEI"/>
                                                </div>
                                            </div>
                                        </div>
                                    </a>
                                    <div class="sc-dcecc41d-5 laYwjn">
                                        <div data-testid="pdp-price" class="sc-fee43095-0 eHbBoZ">
                                            <span class="Typographystyled__Typography-sc-1by6236-0 gbsXyt sc-fee43095-1 eXMKIX">$7.18
                                            <!-- -->
                                            <!-- -->
                                            ea</span>
                                        </div>
                                        <a class="sc-aec2bbd8-0 goNaNy sc-dcecc41d-0 fBmNkX" href="/product/central-market-large-prepless-red-and-green-grapes/1564287">
                                            <span data-testid="productCardTitle" class="Typographystyled__Typography-sc-1by6236-0 iaVbLh">Central Market Large Prepless Red &amp;Green Grapes</span>
                                        </a>
                                        <div data-testid="product-eawt-info" class="sc-b8807e3a-0 gaIkre">
                                            <div class="sc-b8807e3a-1 mflCu">
                                                <div class="GlobalStyleWrapperstyled__GlobalStyleWrapper-sc-gg5ed3-0 Tagstyled__TagWrapper-sc-yr57by-0 bZmixu kzHTmh">
                                                    <span color="#2B2B2C" class="Typographystyled__Typography-sc-1by6236-0 iaVbLh">Avg. 1.2 lb</span>
                                                </div>
                                                <span class="Typographystyled__Typography-sc-1by6236-0 iaVbLh">$5.99 / lb</span>
                                            </div>
                                        </div>
                                    </div>
                                    <div class="sc-dcecc41d-4 gAOtNW">
                                        <div data-testid="addToCartButton" data-analytics-id="add-to-cart-group" class="sc-14d9bbe-6 iDQyvk">
                                            <div>
                                                <div data-analytics-id="add-to-cart-button" class="sc-14d9bbe-2 juOpgc">
                                                    <button data-testid="add-to-cart-btn" class="GlobalStyleWrapperstyled__GlobalStyleWrapper-sc-gg5ed3-0 Core__Flex-sc-1a2z39r-0 Buttonstyled__Button-sc-17hrfrr-0 bZmixu PVisF jKBZbv sc-14d9bbe-0 inPljW">
                                                        <span color="inherit" class="Typographystyled__Typography-sc-1by6236-0 eWMUii">Add to Cart</span>
                                                    </button>
                                                </div>
                                            </div>
                                        </div>
                                        <div class="sc-14d9bbe-4 heCQab"></div>
                                        <button data-testid="add-to-list-button" class="GlobalStyleWrapperstyled__GlobalStyleWrapper-sc-gg5ed3-0 Core__Flex-sc-1a2z39r-0 Buttonstyled__Button-sc-17hrfrr-0 bZmixu PVisF jLZhDm">
                                            <svg aria-hidden="true" focusable="false" data-prefix="fas" data-icon="list-ul" class="svg-inline--fa fa-list-ul " role="img" xmlns="http://www.w3.org/2000/svg" viewBox="0 0 512 512" font-size="16px" name="list-ul">
                                                <path fill="currentColor" d="M64 144a48 48 0 1 0 0-96 48 48 0 1 0 0 96zM192 64c-17.7 0-32 14.3-32 32s14.3 32 32 32l288 0c17.7 0 32-14.3 32-32s-14.3-32-32-32L192 64zm0 160c-17.7 0-32 14.3-32 32s14.3 32 32 32l288 0c17.7 0 32-14.3 32-32s-14.3-32-32-32l-288 0zm0 160c-17.7 0-32 14.3-32 32s14.3 32 32 32l288 0c17.7 0 32-14.3 32-32s-14.3-32-32-32l-288 0zM64 464a48 48 0 1 0 0-96 48 48 0 1 0 0 96zm48-208a48 48 0 1 0 -96 0 48 48 0 1 0 96 0z"></path>
                                            </svg>
                                            <span color="inherit" class="Typographystyled__Typography-sc-1by6236-0 eWMUii">add to list</span>
                                        </button>
                                    </div>
                                </div>
                                <div data-testid="product-card-container" class="sc-dcecc41d-1 inacKu">
                                    <a class="sc-aec2bbd8-0 goNaNy sc-dcecc41d-0 fBmNkX" href="/product/central-market-small-prepless-mixed-berries/1564285">
                                        <div class="sc-dcecc41d-3 fobvDD">
                                            <div class="sc-dcecc41d-7 kSjHOg">
                                                <div data-testid="productCardImage" class="sc-9d45f00f-1 gefqin">
                                                    <img loading="lazy" src="https://images.heb.com/is/image/HEBGrocery/001564285-1?hei=416&amp;wid=416&amp;defaultimage=CentralMarketLogo_t750x550" aria-label="product image of Central Market Small Prepless Mixed Berries" width="416" class="sc-9d45f00f-0 isjpEI"/>
                                                </div>
                                            </div>
                                        </div>
                                    </a>
                                    <div class="sc-dcecc41d-5 laYwjn">
                                        <div data-testid="pdp-price" class="sc-fee43095-0 eHbBoZ">
                                            <span class="Typographystyled__Typography-sc-1by6236-0 gbsXyt sc-fee43095-1 eXMKIX">$7.19
                                            <!-- -->
                                            <!-- -->
                                            ea</span>
                                        </div>
                                        <a class="sc-aec2bbd8-0 goNaNy sc-dcecc41d-0 fBmNkX" href="/product/central-market-small-prepless-mixed-berries/1564285">
                                            <span data-testid="productCardTitle" class="Typographystyled__Typography-sc-1by6236-0 iaVbLh">Central Market Small Prepless Mixed Berries</span>
                                        </a>
                                        <div data-testid="product-eawt-info" class="sc-b8807e3a-0 gaIkre">
                                            <div class="sc-b8807e3a-1 mflCu">
                                                <div class="GlobalStyleWrapperstyled__GlobalStyleWrapper-sc-gg5ed3-0 Tagstyled__TagWrapper-sc-yr57by-0 bZmixu kzHTmh">
                                                    <span color="#2B2B2C" class="Typographystyled__Typography-sc-1by6236-0 iaVbLh">Avg. 0.6 lb</span>
                                                </div>
                                                <span class="Typographystyled__Typography-sc-1by6236-0 iaVbLh">$11.99 / lb</span>
                                            </div>
                                        </div>
                                    </div>
                                    <div class="sc-dcecc41d-4 gAOtNW">
                                        <div data-testid="addToCartButton" data-analytics-id="add-to-cart-group" class="sc-14d9bbe-6 iDQyvk">
                                            <div>
                                                <div data-analytics-id="add-to-cart-button" class="sc-14d9bbe-2 juOpgc">
                                                    <button data-testid="add-to-cart-btn" class="GlobalStyleWrapperstyled__GlobalStyleWrapper-sc-gg5ed3-0 Core__Flex-sc-1a2z39r-0 Buttonstyled__Button-sc-17hrfrr-0 bZmixu PVisF jKBZbv sc-14d9bbe-0 inPljW">
                                                        <span color="inherit" class="Typographystyled__Typography-sc-1by6236-0 eWMUii">Add to Cart</span>
                                                    </button>
                                                </div>
                                            </div>
                                        </div>
                                        <div class="sc-14d9bbe-4 heCQab"></div>
                                        <button data-testid="add-to-list-button" class="GlobalStyleWrapperstyled__GlobalStyleWrapper-sc-gg5ed3-0 Core__Flex-sc-1a2z39r-0 Buttonstyled__Button-sc-17hrfrr-0 bZmixu PVisF jLZhDm">
                                            <svg aria-hidden="true" focusable="false" data-prefix="fas" data-icon="list-ul" class="svg-inline--fa fa-list-ul " role="img" xmlns="http://www.w3.org/2000/svg" viewBox="0 0 512 512" font-size="16px" name="list-ul">
                                                <path fill="currentColor" d="M64 144a48 48 0 1 0 0-96 48 48 0 1 0 0 96zM192 64c-17.7 0-32 14.3-32 32s14.3 32 32 32l288 0c17.7 0 32-14.3 32-32s-14.3-32-32-32L192 64zm0 160c-17.7 0-32 14.3-32 32s14.3 32 32 32l288 0c17.7 0 32-14.3 32-32s-14.3-32-32-32l-288 0zm0 160c-17.7 0-32 14.3-32 32s14.3 32 32 32l288 0c17.7 0 32-14.3 32-32s-14.3-32-32-32l-288 0zM64 464a48 48 0 1 0 0-96 48 48 0 1 0 0 96zm48-208a48 48 0 1 0 -96 0 48 48 0 1 0 96 0z"></path>
                                            </svg>
                                            <span color="inherit" class="Typographystyled__Typography-sc-1by6236-0 eWMUii">add to list</span>
                                        </button>
                                    </div>
                                </div>
                                <div data-testid="product-card-container" class="sc-dcecc41d-1 inacKu">
                                    <a class="sc-aec2bbd8-0 goNaNy sc-dcecc41d-0 fBmNkX" href="/product/fresh-organic-strawberries-1-lb/527422">
                                        <div class="sc-dcecc41d-3 fobvDD">
                                            <div class="sc-dcecc41d-6 jpTIke">
                                                <span color="white" class="Typographystyled__Typography-sc-1by6236-0 gChGmD">Out of stock</span>
                                            </div>
                                            <div class="sc-dcecc41d-7 ifAyuA">
                                                <div data-testid="productCardImage" class="sc-9d45f00f-1 gefqin">
                                                    <img loading="lazy" src="https://images.heb.com/is/image/HEBGrocery/000527422-1?hei=416&amp;wid=416&amp;defaultimage=CentralMarketLogo_t750x550" aria-label="product image of Fresh Organic Strawberries&amp;nbsp;, 1 lb" width="416" class="sc-9d45f00f-0 isjpEI"/>
                                                </div>
                                            </div>
                                        </div>
                                    </a>
                                    <div class="sc-dcecc41d-5 laYwjn">
                                        <div data-testid="pdp-price" class="sc-fee43095-0 eHbBoZ">
                                            <span class="Typographystyled__Typography-sc-1by6236-0 gbsXyt sc-fee43095-1 eXMKIX">$6.99
                                            <!-- -->
                                            <!-- -->
                                            ea</span>
                                        </div>
                                        <a class="sc-aec2bbd8-0 goNaNy sc-dcecc41d-0 fBmNkX" href="/product/fresh-organic-strawberries-1-lb/527422">
                                            <span data-testid="productCardTitle" class="Typographystyled__Typography-sc-1by6236-0 iaVbLh">Fresh Organic Strawberries, 1 lb</span>
                                        </a>
                                    </div>
                                    <div class="sc-dcecc41d-4 gAOtNW">
                                        <div data-testid="addToCartButton" data-analytics-id="add-to-cart-group" class="sc-14d9bbe-6 iDQyvk">
                                            <div>
                                                <div data-analytics-id="add-to-cart-button" class="sc-14d9bbe-2 juOpgc">
                                                    <button style="width:100%" data-testid="out-of-stock-btn" class="GlobalStyleWrapperstyled__GlobalStyleWrapper-sc-gg5ed3-0 Core__Flex-sc-1a2z39r-0 Buttonstyled__Button-sc-17hrfrr-0 bZmixu PVisF hhfOhM">
                                                        <span color="inherit" class="Typographystyled__Typography-sc-1by6236-0 eWMUii">Find Similar</span>
                                                    </button>
                                                </div>
                                            </div>
                                        </div>
                                        <div class="sc-14d9bbe-4 heCQab"></div>
                                        <button data-testid="add-to-list-button" class="GlobalStyleWrapperstyled__GlobalStyleWrapper-sc-gg5ed3-0 Core__Flex-sc-1a2z39r-0 Buttonstyled__Button-sc-17hrfrr-0 bZmixu PVisF jLZhDm">
                                            <svg aria-hidden="true" focusable="false" data-prefix="fas" data-icon="list-ul" class="svg-inline--fa fa-list-ul " role="img" xmlns="http://www.w3.org/2000/svg" viewBox="0 0 512 512" font-size="16px" name="list-ul">
                                                <path fill="currentColor" d="M64 144a48 48 0 1 0 0-96 48 48 0 1 0 0 96zM192 64c-17.7 0-32 14.3-32 32s14.3 32 32 32l288 0c17.7 0 32-14.3 32-32s-14.3-32-32-32L192 64zm0 160c-17.7 0-32 14.3-32 32s14.3 32 32 32l288 0c17.7 0 32-14.3 32-32s-14.3-32-32-32l-288 0zm0 160c-17.7 0-32 14.3-32 32s14.3 32 32 32l288 0c17.7 0 32-14.3 32-32s-14.3-32-32-32l-288 0zM64 464a48 48 0 1 0 0-96 48 48 0 1 0 0 96zm48-208a48 48 0 1 0 -96 0 48 48 0 1 0 96 0z"></path>
                                            </svg>
                                            <span color="inherit" class="Typographystyled__Typography-sc-1by6236-0 eWMUii">add to list</span>
                                        </button>
                                    </div>
                                </div>
                                <div data-testid="product-card-container" class="sc-dcecc41d-1 inacKu">
                                    <a class="sc-aec2bbd8-0 goNaNy sc-dcecc41d-0 fBmNkX" href="/product/fresh-strawberries-1-lb/321286">
                                        <div class="sc-dcecc41d-3 fobvDD">
                                            <div class="sc-dcecc41d-6 jpTIke">
                                                <span color="white" class="Typographystyled__Typography-sc-1by6236-0 gChGmD">Out of stock</span>
                                            </div>
                                            <div class="sc-dcecc41d-7 ifAyuA">
                                                <div data-testid="productCardImage" class="sc-9d45f00f-1 gefqin">
                                                    <img loading="lazy" src="https://images.heb.com/is/image/HEBGrocery/000321286-1?hei=416&amp;wid=416&amp;defaultimage=CentralMarketLogo_t750x550" aria-label="product image of Fresh Strawberries, 1 lb" width="416" class="sc-9d45f00f-0 isjpEI"/>
                                                </div>
                                            </div>
                                        </div>
                                    </a>
                                    <div class="sc-dcecc41d-5 laYwjn">
                                        <div data-testid="pdp-price" class="sc-fee43095-0 eHbBoZ">
                                            <span class="Typographystyled__Typography-sc-1by6236-0 gbsXyt sc-fee43095-1 eXMKIX">$4.99
                                            <!-- -->
                                            <!-- -->
                                            ea</span>
                                        </div>
                                        <a class="sc-aec2bbd8-0 goNaNy sc-dcecc41d-0 fBmNkX" href="/product/fresh-strawberries-1-lb/321286">
                                            <span data-testid="productCardTitle" class="Typographystyled__Typography-sc-1by6236-0 iaVbLh">Fresh Strawberries, 1 lb</span>
                                        </a>
                                    </div>
                                    <div class="sc-dcecc41d-4 gAOtNW">
                                        <div data-testid="addToCartButton" data-analytics-id="add-to-cart-group" class="sc-14d9bbe-6 iDQyvk">
                                            <div>
                                                <div data-analytics-id="add-to-cart-button" class="sc-14d9bbe-2 juOpgc">
                                                    <button style="width:100%" data-testid="out-of-stock-btn" class="GlobalStyleWrapperstyled__GlobalStyleWrapper-sc-gg5ed3-0 Core__Flex-sc-1a2z39r-0 Buttonstyled__Button-sc-17hrfrr-0 bZmixu PVisF hhfOhM">
                                                        <span color="inherit" class="Typographystyled__Typography-sc-1by6236-0 eWMUii">Find Similar</span>
                                                    </button>
                                                </div>
                                            </div>
                                        </div>
                                        <div class="sc-14d9bbe-4 heCQab"></div>
                                        <button data-testid="add-to-list-button" class="GlobalStyleWrapperstyled__GlobalStyleWrapper-sc-gg5ed3-0 Core__Flex-sc-1a2z39r-0 Buttonstyled__Button-sc-17hrfrr-0 bZmixu PVisF jLZhDm">
                                            <svg aria-hidden="true" focusable="false" data-prefix="fas" data-icon="list-ul" class="svg-inline--fa fa-list-ul " role="img" xmlns="http://www.w3.org/2000/svg" viewBox="0 0 512 512" font-size="16px" name="list-ul">
                                                <path fill="currentColor" d="M64 144a48 48 0 1 0 0-96 48 48 0 1 0 0 96zM192 64c-17.7 0-32 14.3-32 32s14.3 32 32 32l288 0c17.7 0 32-14.3 32-32s-14.3-32-32-32L192 64zm0 160c-17.7 0-32 14.3-32 32s14.3 32 32 32l288 0c17.7 0 32-14.3 32-32s-14.3-32-32-32l-288 0zm0 160c-17.7 0-32 14.3-32 32s14.3 32 32 32l288 0c17.7 0 32-14.3 32-32s-14.3-32-32-32l-288 0zM64 464a48 48 0 1 0 0-96 48 48 0 1 0 0 96zm48-208a48 48 0 1 0 -96 0 48 48 0 1 0 96 0z"></path>
                                            </svg>
                                            <span color="inherit" class="Typographystyled__Typography-sc-1by6236-0 eWMUii">add to list</span>
                                        </button>
                                    </div>
                                </div>
                                <div data-testid="product-card-container" class="sc-dcecc41d-1 inacKu">
                                    <a class="sc-aec2bbd8-0 goNaNy sc-dcecc41d-0 fBmNkX" href="/product/fresh-extra-large-lemon-each/375184">
                                        <div class="sc-dcecc41d-3 fobvDD">
                                            <div class="sc-dcecc41d-7 kSjHOg">
                                                <div data-testid="productCardImage" class="sc-9d45f00f-1 gefqin">
                                                    <img loading="lazy" src="https://images.heb.com/is/image/HEBGrocery/000375184-1?hei=416&amp;wid=416&amp;defaultimage=CentralMarketLogo_t750x550" aria-label="product image of Fresh Extra Large Lemon, Each" width="416" class="sc-9d45f00f-0 isjpEI"/>
                                                </div>
                                            </div>
                                        </div>
                                    </a>
                                    <div class="sc-dcecc41d-5 laYwjn">
                                        <div data-testid="pdp-price" class="sc-fee43095-0 eHbBoZ">
                                            <span class="Typographystyled__Typography-sc-1by6236-0 gbsXyt sc-fee43095-1 eXMKIX">$0.88
                                            <!-- -->
                                            <!-- -->
                                            ea</span>
                                        </div>
                                        <a class="sc-aec2bbd8-0 goNaNy sc-dcecc41d-0 fBmNkX" href="/product/fresh-extra-large-lemon-each/375184">
                                            <span data-testid="productCardTitle" class="Typographystyled__Typography-sc-1by6236-0 iaVbLh">Fresh Extra Large Lemon, Each</span>
                                        </a>
                                    </div>
                                    <div class="sc-dcecc41d-4 gAOtNW">
                                        <div data-testid="addToCartButton" data-analytics-id="add-to-cart-group" class="sc-14d9bbe-6 iDQyvk">
                                            <div>
                                                <div data-analytics-id="add-to-cart-button" class="sc-14d9bbe-2 juOpgc">
                                                    <button data-testid="add-to-cart-btn" class="GlobalStyleWrapperstyled__GlobalStyleWrapper-sc-gg5ed3-0 Core__Flex-sc-1a2z39r-0 Buttonstyled__Button-sc-17hrfrr-0 bZmixu PVisF jKBZbv sc-14d9bbe-0 inPljW">
                                                        <span color="inherit" class="Typographystyled__Typography-sc-1by6236-0 eWMUii">Add to Cart</span>
                                                    </button>
                                                </div>
                                            </div>
                                        </div>
                                        <div class="sc-14d9bbe-4 heCQab"></div>
                                        <button data-testid="add-to-list-button" class="GlobalStyleWrapperstyled__GlobalStyleWrapper-sc-gg5ed3-0 Core__Flex-sc-1a2z39r-0 Buttonstyled__Button-sc-17hrfrr-0 bZmixu PVisF jLZhDm">
                                            <svg aria-hidden="true" focusable="false" data-prefix="fas" data-icon="list-ul" class="svg-inline--fa fa-list-ul " role="img" xmlns="http://www.w3.org/2000/svg" viewBox="0 0 512 512" font-size="16px" name="list-ul">
                                                <path fill="currentColor" d="M64 144a48 48 0 1 0 0-96 48 48 0 1 0 0 96zM192 64c-17.7 0-32 14.3-32 32s14.3 32 32 32l288 0c17.7 0 32-14.3 32-32s-14.3-32-32-32L192 64zm0 160c-17.7 0-32 14.3-32 32s14.3 32 32 32l288 0c17.7 0 32-14.3 32-32s-14.3-32-32-32l-288 0zm0 160c-17.7 0-32 14.3-32 32s14.3 32 32 32l288 0c17.7 0 32-14.3 32-32s-14.3-32-32-32l-288 0zM64 464a48 48 0 1 0 0-96 48 48 0 1 0 0 96zm48-208a48 48 0 1 0 -96 0 48 48 0 1 0 96 0z"></path>
                                            </svg>
                                            <span color="inherit" class="Typographystyled__Typography-sc-1by6236-0 eWMUii">add to list</span>
                                        </button>
                                    </div>
                                </div>
                                <div data-testid="product-card-container" class="sc-dcecc41d-1 inacKu">
                                    <a class="sc-aec2bbd8-0 goNaNy sc-dcecc41d-0 fBmNkX" href="/product/central-market-small-prepless-strawberries/1564244">
                                        <div class="sc-dcecc41d-3 fobvDD">
                                            <div class="sc-dcecc41d-7 kSjHOg">
                                                <div data-testid="productCardImage" class="sc-9d45f00f-1 gefqin">
                                                    <img loading="lazy" src="https://images.heb.com/is/image/HEBGrocery/001564244-1?hei=416&amp;wid=416&amp;defaultimage=CentralMarketLogo_t750x550" aria-label="product image of Central Market Small Prepless Strawberries" width="416" class="sc-9d45f00f-0 isjpEI"/>
                                                </div>
                                            </div>
                                        </div>
                                    </a>
                                    <div class="sc-dcecc41d-5 laYwjn">
                                        <div data-testid="pdp-price" class="sc-fee43095-0 eHbBoZ">
                                            <span class="Typographystyled__Typography-sc-1by6236-0 gbsXyt sc-fee43095-1 eXMKIX">$4.99
                                            <!-- -->
                                            <!-- -->
                                            ea</span>
                                        </div>
                                        <a class="sc-aec2bbd8-0 goNaNy sc-dcecc41d-0 fBmNkX" href="/product/central-market-small-prepless-strawberries/1564244">
                                            <span data-testid="productCardTitle" class="Typographystyled__Typography-sc-1by6236-0 iaVbLh">Central Market Small Prepless Strawberries</span>
                                        </a>
                                        <div data-testid="product-eawt-info" class="sc-b8807e3a-0 gaIkre">
                                            <div class="sc-b8807e3a-1 mflCu">
                                                <div class="GlobalStyleWrapperstyled__GlobalStyleWrapper-sc-gg5ed3-0 Tagstyled__TagWrapper-sc-yr57by-0 bZmixu kzHTmh">
                                                    <span color="#2B2B2C" class="Typographystyled__Typography-sc-1by6236-0 iaVbLh">Avg. 0.5 lb</span>
                                                </div>
                                                <span class="Typographystyled__Typography-sc-1by6236-0 iaVbLh">$9.99 / lb</span>
                                            </div>
                                        </div>
                                    </div>
                                    <div class="sc-dcecc41d-4 gAOtNW">
                                        <div data-testid="addToCartButton" data-analytics-id="add-to-cart-group" class="sc-14d9bbe-6 iDQyvk">
                                            <div>
                                                <div data-analytics-id="add-to-cart-button" class="sc-14d9bbe-2 juOpgc">
                                                    <button data-testid="add-to-cart-btn" class="GlobalStyleWrapperstyled__GlobalStyleWrapper-sc-gg5ed3-0 Core__Flex-sc-1a2z39r-0 Buttonstyled__Button-sc-17hrfrr-0 bZmixu PVisF jKBZbv sc-14d9bbe-0 inPljW">
                                                        <span color="inherit" class="Typographystyled__Typography-sc-1by6236-0 eWMUii">Add to Cart</span>
                                                    </button>
                                                </div>
                                            </div>
                                        </div>
                                        <div class="sc-14d9bbe-4 heCQab"></div>
                                        <button data-testid="add-to-list-button" class="GlobalStyleWrapperstyled__GlobalStyleWrapper-sc-gg5ed3-0 Core__Flex-sc-1a2z39r-0 Buttonstyled__Button-sc-17hrfrr-0 bZmixu PVisF jLZhDm">
                                            <svg aria-hidden="true" focusable="false" data-prefix="fas" data-icon="list-ul" class="svg-inline--fa fa-list-ul " role="img" xmlns="http://www.w3.org/2000/svg" viewBox="0 0 512 512" font-size="16px" name="list-ul">
                                                <path fill="currentColor" d="M64 144a48 48 0 1 0 0-96 48 48 0 1 0 0 96zM192 64c-17.7 0-32 14.3-32 32s14.3 32 32 32l288 0c17.7 0 32-14.3 32-32s-14.3-32-32-32L192 64zm0 160c-17.7 0-32 14.3-32 32s14.3 32 32 32l288 0c17.7 0 32-14.3 32-32s-14.3-32-32-32l-288 0zm0 160c-17.7 0-32 14.3-32 32s14.3 32 32 32l288 0c17.7 0 32-14.3 32-32s-14.3-32-32-32l-288 0zM64 464a48 48 0 1 0 0-96 48 48 0 1 0 0 96zm48-208a48 48 0 1 0 -96 0 48 48 0 1 0 96 0z"></path>
                                            </svg>
                                            <span color="inherit" class="Typographystyled__Typography-sc-1by6236-0 eWMUii">add to list</span>
                                        </button>
                                    </div>
                                </div>
                                <div data-testid="product-card-container" class="sc-dcecc41d-1 inacKu">
                                    <a class="sc-aec2bbd8-0 goNaNy sc-dcecc41d-0 fBmNkX" href="/product/fresh-mini-personal-watermelon-each/583329">
                                        <div class="sc-dcecc41d-3 fobvDD">
                                            <div class="sc-dcecc41d-7 kSjHOg">
                                                <div data-testid="productCardImage" class="sc-9d45f00f-1 gefqin">
                                                    <img loading="lazy" src="https://images.heb.com/is/image/HEBGrocery/000583329-1?hei=416&amp;wid=416&amp;defaultimage=CentralMarketLogo_t750x550" aria-label="product image of Fresh Mini Personal Watermelon, Each" width="416" class="sc-9d45f00f-0 isjpEI"/>
                                                </div>
                                            </div>
                                        </div>
                                    </a>
                                    <div class="sc-dcecc41d-5 laYwjn">
                                        <div data-testid="pdp-price" class="sc-fee43095-0 eHbBoZ">
                                            <span class="Typographystyled__Typography-sc-1by6236-0 gbsXyt sc-fee43095-1 eXMKIX">$4.99
                                            <!-- -->
                                            <!-- -->
                                            ea</span>
                                        </div>
                                        <a class="sc-aec2bbd8-0 goNaNy sc-dcecc41d-0 fBmNkX" href="/product/fresh-mini-personal-watermelon-each/583329">
                                            <span data-testid="productCardTitle" class="Typographystyled__Typography-sc-1by6236-0 iaVbLh">Fresh Mini Personal Watermelon, Each</span>
                                        </a>
                                    </div>
                                    <div class="sc-dcecc41d-4 gAOtNW">
                                        <div data-testid="addToCartButton" data-analytics-id="add-to-cart-group" class="sc-14d9bbe-6 iDQyvk">
                                            <div>
                                                <div data-analytics-id="add-to-cart-button" class="sc-14d9bbe-2 juOpgc">
                                                    <button data-testid="add-to-cart-btn" class="GlobalStyleWrapperstyled__GlobalStyleWrapper-sc-gg5ed3-0 Core__Flex-sc-1a2z39r-0 Buttonstyled__Button-sc-17hrfrr-0 bZmixu PVisF jKBZbv sc-14d9bbe-0 inPljW">
                                                        <span color="inherit" class="Typographystyled__Typography-sc-1by6236-0 eWMUii">Add to Cart</span>
                                                    </button>
                                                </div>
                                            </div>
                                        </div>
                                        <div class="sc-14d9bbe-4 heCQab"></div>
                                        <button data-testid="add-to-list-button" class="GlobalStyleWrapperstyled__GlobalStyleWrapper-sc-gg5ed3-0 Core__Flex-sc-1a2z39r-0 Buttonstyled__Button-sc-17hrfrr-0 bZmixu PVisF jLZhDm">
                                            <svg aria-hidden="true" focusable="false" data-prefix="fas" data-icon="list-ul" class="svg-inline--fa fa-list-ul " role="img" xmlns="http://www.w3.org/2000/svg" viewBox="0 0 512 512" font-size="16px" name="list-ul">
                                                <path fill="currentColor" d="M64 144a48 48 0 1 0 0-96 48 48 0 1 0 0 96zM192 64c-17.7 0-32 14.3-32 32s14.3 32 32 32l288 0c17.7 0 32-14.3 32-32s-14.3-32-32-32L192 64zm0 160c-17.7 0-32 14.3-32 32s14.3 32 32 32l288 0c17.7 0 32-14.3 32-32s-14.3-32-32-32l-288 0zm0 160c-17.7 0-32 14.3-32 32s14.3 32 32 32l288 0c17.7 0 32-14.3 32-32s-14.3-32-32-32l-288 0zM64 464a48 48 0 1 0 0-96 48 48 0 1 0 0 96zm48-208a48 48 0 1 0 -96 0 48 48 0 1 0 96 0z"></path>
                                            </svg>
                                            <span color="inherit" class="Typographystyled__Typography-sc-1by6236-0 eWMUii">add to list</span>
                                        </button>
                                    </div>
                                </div>
                                <div data-testid="product-card-container" class="sc-dcecc41d-1 inacKu">
                                    <a class="sc-aec2bbd8-0 goNaNy sc-dcecc41d-0 fBmNkX" href="/product/fresh-buddhas-hand/320818">
                                        <div class="sc-dcecc41d-3 fobvDD">
                                            <div class="sc-dcecc41d-7 kSjHOg">
                                                <div data-testid="productCardImage" class="sc-9d45f00f-1 gefqin">
                                                    <img loading="lazy" src="https://images.heb.com/is/image/HEBGrocery/000320818-1?hei=416&amp;wid=416&amp;defaultimage=CentralMarketLogo_t750x550" aria-label="product image of Fresh Buddha&#x27;s Hand" width="416" class="sc-9d45f00f-0 isjpEI"/>
                                                </div>
                                            </div>
                                        </div>
                                    </a>
                                    <div class="sc-dcecc41d-5 laYwjn">
                                        <div data-testid="pdp-price" class="sc-fee43095-0 eHbBoZ">
                                            <span class="Typographystyled__Typography-sc-1by6236-0 gbsXyt sc-fee43095-1 eXMKIX">$4.49
                                            <!-- -->
                                            <!-- -->
                                            ea</span>
                                        </div>
                                        <a class="sc-aec2bbd8-0 goNaNy sc-dcecc41d-0 fBmNkX" href="/product/fresh-buddhas-hand/320818">
                                            <span data-testid="productCardTitle" class="Typographystyled__Typography-sc-1by6236-0 iaVbLh">Fresh Buddha &#x27;s Hand</span>
                                        </a>
                                        <div data-testid="product-eawt-info" class="sc-b8807e3a-0 gaIkre">
                                            <div class="sc-b8807e3a-1 mflCu">
                                                <div class="GlobalStyleWrapperstyled__GlobalStyleWrapper-sc-gg5ed3-0 Tagstyled__TagWrapper-sc-yr57by-0 bZmixu kzHTmh">
                                                    <span color="#2B2B2C" class="Typographystyled__Typography-sc-1by6236-0 iaVbLh">Avg. 0.75 lb</span>
                                                </div>
                                                <span class="Typographystyled__Typography-sc-1by6236-0 iaVbLh">$5.99 / lb</span>
                                            </div>
                                        </div>
                                    </div>
                                    <div class="sc-dcecc41d-4 gAOtNW">
                                        <div data-testid="addToCartButton" data-analytics-id="add-to-cart-group" class="sc-14d9bbe-6 iDQyvk">
                                            <div>
                                                <div data-analytics-id="add-to-cart-button" class="sc-14d9bbe-2 juOpgc">
                                                    <button data-testid="add-to-cart-btn" class="GlobalStyleWrapperstyled__GlobalStyleWrapper-sc-gg5ed3-0 Core__Flex-sc-1a2z39r-0 Buttonstyled__Button-sc-17hrfrr-0 bZmixu PVisF jKBZbv sc-14d9bbe-0 inPljW">
                                                        <span color="inherit" class="Typographystyled__Typography-sc-1by6236-0 eWMUii">Add to Cart</span>
                                                    </button>
                                                </div>
                                            </div>
                                        </div>
                                        <div class="sc-14d9bbe-4 heCQab"></div>
                                        <button data-testid="add-to-list-button" class="GlobalStyleWrapperstyled__GlobalStyleWrapper-sc-gg5ed3-0 Core__Flex-sc-1a2z39r-0 Buttonstyled__Button-sc-17hrfrr-0 bZmixu PVisF jLZhDm">
                                            <svg aria-hidden="true" focusable="false" data-prefix="fas" data-icon="list-ul" class="svg-inline--fa fa-list-ul " role="img" xmlns="http://www.w3.org/2000/svg" viewBox="0 0 512 512" font-size="16px" name="list-ul">
                                                <path fill="currentColor" d="M64 144a48 48 0 1 0 0-96 48 48 0 1 0 0 96zM192 64c-17.7 0-32 14.3-32 32s14.3 32 32 32l288 0c17.7 0 32-14.3 32-32s-14.3-32-32-32L192 64zm0 160c-17.7 0-32 14.3-32 32s14.3 32 32 32l288 0c17.7 0 32-14.3 32-32s-14.3-32-32-32l-288 0zm0 160c-17.7 0-32 14.3-32 32s14.3 32 32 32l288 0c17.7 0 32-14.3 32-32s-14.3-32-32-32l-288 0zM64 464a48 48 0 1 0 0-96 48 48 0 1 0 0 96zm48-208a48 48 0 1 0 -96 0 48 48 0 1 0 96 0z"></path>
                                            </svg>
                                            <span color="inherit" class="Typographystyled__Typography-sc-1by6236-0 eWMUii">add to list</span>
                                        </button>
                                    </div>
                                </div>
                                <div data-testid="product-card-container" class="sc-dcecc41d-1 inacKu">
                                    <a class="sc-aec2bbd8-0 goNaNy sc-dcecc41d-0 fBmNkX" href="/product/fresh-tamarillos-each/375297">
                                        <div class="sc-dcecc41d-3 fobvDD">
                                            <div class="sc-dcecc41d-7 kSjHOg">
                                                <div data-testid="productCardImage" class="sc-9d45f00f-1 gefqin">
                                                    <img loading="lazy" src="https://images.heb.com/is/image/HEBGrocery/000375297-1?hei=416&amp;wid=416&amp;defaultimage=CentralMarketLogo_t750x550" aria-label="product image of Fresh Tamarillos, EACH" width="416" class="sc-9d45f00f-0 isjpEI"/>
                                                </div>
                                            </div>
                                        </div>
                                    </a>
                                    <div class="sc-dcecc41d-5 laYwjn">
                                        <div data-testid="pdp-price" class="sc-fee43095-0 eHbBoZ">
                                            <span class="Typographystyled__Typography-sc-1by6236-0 gbsXyt sc-fee43095-1 eXMKIX">$2.49
                                            <!-- -->
                                            <!-- -->
                                            ea</span>
                                        </div>
                                        <a class="sc-aec2bbd8-0 goNaNy sc-dcecc41d-0 fBmNkX" href="/product/fresh-tamarillos-each/375297">
                                            <span data-testid="productCardTitle" class="Typographystyled__Typography-sc-1by6236-0 iaVbLh">Fresh Tamarillos, EACH</span>
                                        </a>
                                    </div>
                                    <div class="sc-dcecc41d-4 gAOtNW">
                                        <div data-testid="addToCartButton" data-analytics-id="add-to-cart-group" class="sc-14d9bbe-6 iDQyvk">
                                            <div>
                                                <div data-analytics-id="add-to-cart-button" class="sc-14d9bbe-2 juOpgc">
                                                    <button data-testid="add-to-cart-btn" class="GlobalStyleWrapperstyled__GlobalStyleWrapper-sc-gg5ed3-0 Core__Flex-sc-1a2z39r-0 Buttonstyled__Button-sc-17hrfrr-0 bZmixu PVisF jKBZbv sc-14d9bbe-0 inPljW">
                                                        <span color="inherit" class="Typographystyled__Typography-sc-1by6236-0 eWMUii">Add to Cart</span>
                                                    </button>
                                                </div>
                                            </div>
                                        </div>
                                        <div class="sc-14d9bbe-4 heCQab"></div>
                                        <button data-testid="add-to-list-button" class="GlobalStyleWrapperstyled__GlobalStyleWrapper-sc-gg5ed3-0 Core__Flex-sc-1a2z39r-0 Buttonstyled__Button-sc-17hrfrr-0 bZmixu PVisF jLZhDm">
                                            <svg aria-hidden="true" focusable="false" data-prefix="fas" data-icon="list-ul" class="svg-inline--fa fa-list-ul " role="img" xmlns="http://www.w3.org/2000/svg" viewBox="0 0 512 512" font-size="16px" name="list-ul">
                                                <path fill="currentColor" d="M64 144a48 48 0 1 0 0-96 48 48 0 1 0 0 96zM192 64c-17.7 0-32 14.3-32 32s14.3 32 32 32l288 0c17.7 0 32-14.3 32-32s-14.3-32-32-32L192 64zm0 160c-17.7 0-32 14.3-32 32s14.3 32 32 32l288 0c17.7 0 32-14.3 32-32s-14.3-32-32-32l-288 0zm0 160c-17.7 0-32 14.3-32 32s14.3 32 32 32l288 0c17.7 0 32-14.3 32-32s-14.3-32-32-32l-288 0zM64 464a48 48 0 1 0 0-96 48 48 0 1 0 0 96zm48-208a48 48 0 1 0 -96 0 48 48 0 1 0 96 0z"></path>
                                            </svg>
                                            <span color="inherit" class="Typographystyled__Typography-sc-1by6236-0 eWMUii">add to list</span>
                                        </button>
                                    </div>
                                </div>
                                <div data-testid="product-card-container" class="sc-dcecc41d-1 inacKu">
                                    <a class="sc-aec2bbd8-0 goNaNy sc-dcecc41d-0 fBmNkX" href="/product/lucy-rose-apple/5977544">
                                        <div class="sc-dcecc41d-3 fobvDD">
                                            <div class="sc-dcecc41d-7 kSjHOg">
                                                <div data-testid="productCardImage" class="sc-9d45f00f-1 gefqin">
                                                    <img loading="lazy" src="https://images.heb.com/is/image/HEBGrocery/005977544-1?hei=416&amp;wid=416&amp;defaultimage=CentralMarketLogo_t750x550" aria-label="product image of Lucy Rose Apple" width="416" class="sc-9d45f00f-0 isjpEI"/>
                                                </div>
                                            </div>
                                        </div>
                                    </a>
                                    <div class="sc-dcecc41d-5 laYwjn">
                                        <div data-testid="pdp-price" class="sc-fee43095-0 eHbBoZ">
                                            <span class="Typographystyled__Typography-sc-1by6236-0 gbsXyt sc-fee43095-1 eXMKIX">$1.83
                                            <!-- -->
                                            <!-- -->
                                            ea</span>
                                        </div>
                                        <a class="sc-aec2bbd8-0 goNaNy sc-dcecc41d-0 fBmNkX" href="/product/lucy-rose-apple/5977544">
                                            <span data-testid="productCardTitle" class="Typographystyled__Typography-sc-1by6236-0 iaVbLh">Lucy Rose Apple</span>
                                        </a>
                                        <div data-testid="product-eawt-info" class="sc-b8807e3a-0 gaIkre">
                                            <div class="sc-b8807e3a-1 mflCu">
                                                <div class="GlobalStyleWrapperstyled__GlobalStyleWrapper-sc-gg5ed3-0 Tagstyled__TagWrapper-sc-yr57by-0 bZmixu kzHTmh">
                                                    <span color="#2B2B2C" class="Typographystyled__Typography-sc-1by6236-0 iaVbLh">Avg. 0.46 lb</span>
                                                </div>
                                                <span class="Typographystyled__Typography-sc-1by6236-0 iaVbLh">$3.98 / lb</span>
                                            </div>
                                        </div>
                                    </div>
                                    <div class="sc-dcecc41d-4 gAOtNW">
                                        <div data-testid="addToCartButton" data-analytics-id="add-to-cart-group" class="sc-14d9bbe-6 iDQyvk">
                                            <div>
                                                <div data-analytics-id="add-to-cart-button" class="sc-14d9bbe-2 juOpgc">
                                                    <button data-testid="add-to-cart-btn" class="GlobalStyleWrapperstyled__GlobalStyleWrapper-sc-gg5ed3-0 Core__Flex-sc-1a2z39r-0 Buttonstyled__Button-sc-17hrfrr-0 bZmixu PVisF jKBZbv sc-14d9bbe-0 inPljW">
                                                        <span color="inherit" class="Typographystyled__Typography-sc-1by6236-0 eWMUii">Add to Cart</span>
                                                    </button>
                                                </div>
                                            </div>
                                        </div>
                                        <div class="sc-14d9bbe-4 heCQab"></div>
                                        <button data-testid="add-to-list-button" class="GlobalStyleWrapperstyled__GlobalStyleWrapper-sc-gg5ed3-0 Core__Flex-sc-1a2z39r-0 Buttonstyled__Button-sc-17hrfrr-0 bZmixu PVisF jLZhDm">
                                            <svg aria-hidden="true" focusable="false" data-prefix="fas" data-icon="list-ul" class="svg-inline--fa fa-list-ul " role="img" xmlns="http://www.w3.org/2000/svg" viewBox="0 0 512 512" font-size="16px" name="list-ul">
                                                <path fill="currentColor" d="M64 144a48 48 0 1 0 0-96 48 48 0 1 0 0 96zM192 64c-17.7 0-32 14.3-32 32s14.3 32 32 32l288 0c17.7 0 32-14.3 32-32s-14.3-32-32-32L192 64zm0 160c-17.7 0-32 14.3-32 32s14.3 32 32 32l288 0c17.7 0 32-14.3 32-32s-14.3-32-32-32l-288 0zm0 160c-17.7 0-32 14.3-32 32s14.3 32 32 32l288 0c17.7 0 32-14.3 32-32s-14.3-32-32-32l-288 0zM64 464a48 48 0 1 0 0-96 48 48 0 1 0 0 96zm48-208a48 48 0 1 0 -96 0 48 48 0 1 0 96 0z"></path>
                                            </svg>
                                            <span color="inherit" class="Typographystyled__Typography-sc-1by6236-0 eWMUii">add to list</span>
                                        </button>
                                    </div>
                                </div>
                                <div data-testid="product-card-container" class="sc-dcecc41d-1 inacKu">
                                    <a class="sc-aec2bbd8-0 goNaNy sc-dcecc41d-0 fBmNkX" href="/product/fresh-green-bartlett-pear/513694">
                                        <div class="sc-dcecc41d-3 fobvDD">
                                            <div class="sc-dcecc41d-6 jpTIke">
                                                <span color="white" class="Typographystyled__Typography-sc-1by6236-0 gChGmD">Out of stock</span>
                                            </div>
                                            <div class="sc-dcecc41d-7 ifAyuA">
                                                <div data-testid="productCardImage" class="sc-9d45f00f-1 gefqin">
                                                    <img loading="lazy" src="https://images.heb.com/is/image/HEBGrocery/000513694-1?hei=416&amp;wid=416&amp;defaultimage=CentralMarketLogo_t750x550" aria-label="product image of Fresh Green Bartlett Pear" width="416" class="sc-9d45f00f-0 isjpEI"/>
                                                </div>
                                            </div>
                                        </div>
                                    </a>
                                    <div class="sc-dcecc41d-5 laYwjn">
                                        <div data-testid="pdp-price" class="sc-fee43095-0 eHbBoZ">
                                            <span class="Typographystyled__Typography-sc-1by6236-0 gbsXyt sc-fee43095-1 eXMKIX">$1.24
                                            <!-- -->
                                            <!-- -->
                                            ea</span>
                                        </div>
                                        <a class="sc-aec2bbd8-0 goNaNy sc-dcecc41d-0 fBmNkX" href="/product/fresh-green-bartlett-pear/513694">
                                            <span data-testid="productCardTitle" class="Typographystyled__Typography-sc-1by6236-0 iaVbLh">Fresh Green Bartlett Pear</span>
                                        </a>
                                        <div data-testid="product-eawt-info" class="sc-b8807e3a-0 gaIkre">
                                            <div class="sc-b8807e3a-1 mflCu">
                                                <div class="GlobalStyleWrapperstyled__GlobalStyleWrapper-sc-gg5ed3-0 Tagstyled__TagWrapper-sc-yr57by-0 bZmixu kzHTmh">
                                                    <span color="#2B2B2C" class="Typographystyled__Typography-sc-1by6236-0 iaVbLh">Avg. 0.5 lb</span>
                                                </div>
                                                <span class="Typographystyled__Typography-sc-1by6236-0 iaVbLh">$2.48 / lb</span>
                                            </div>
                                        </div>
                                    </div>
                                    <div class="sc-dcecc41d-4 gAOtNW">
                                        <div data-testid="addToCartButton" data-analytics-id="add-to-cart-group" class="sc-14d9bbe-6 iDQyvk">
                                            <div>
                                                <div data-analytics-id="add-to-cart-button" class="sc-14d9bbe-2 juOpgc">
                                                    <button style="width:100%" data-testid="out-of-stock-btn" class="GlobalStyleWrapperstyled__GlobalStyleWrapper-sc-gg5ed3-0 Core__Flex-sc-1a2z39r-0 Buttonstyled__Button-sc-17hrfrr-0 bZmixu PVisF hhfOhM">
                                                        <span color="inherit" class="Typographystyled__Typography-sc-1by6236-0 eWMUii">Find Similar</span>
                                                    </button>
                                                </div>
                                            </div>
                                        </div>
                                        <div class="sc-14d9bbe-4 heCQab"></div>
                                        <button data-testid="add-to-list-button" class="GlobalStyleWrapperstyled__GlobalStyleWrapper-sc-gg5ed3-0 Core__Flex-sc-1a2z39r-0 Buttonstyled__Button-sc-17hrfrr-0 bZmixu PVisF jLZhDm">
                                            <svg aria-hidden="true" focusable="false" data-prefix="fas" data-icon="list-ul" class="svg-inline--fa fa-list-ul " role="img" xmlns="http://www.w3.org/2000/svg" viewBox="0 0 512 512" font-size="16px" name="list-ul">
                                                <path fill="currentColor" d="M64 144a48 48 0 1 0 0-96 48 48 0 1 0 0 96zM192 64c-17.7 0-32 14.3-32 32s14.3 32 32 32l288 0c17.7 0 32-14.3 32-32s-14.3-32-32-32L192 64zm0 160c-17.7 0-32 14.3-32 32s14.3 32 32 32l288 0c17.7 0 32-14.3 32-32s-14.3-32-32-32l-288 0zm0 160c-17.7 0-32 14.3-32 32s14.3 32 32 32l288 0c17.7 0 32-14.3 32-32s-14.3-32-32-32l-288 0zM64 464a48 48 0 1 0 0-96 48 48 0 1 0 0 96zm48-208a48 48 0 1 0 -96 0 48 48 0 1 0 96 0z"></path>
                                            </svg>
                                            <span color="inherit" class="Typographystyled__Typography-sc-1by6236-0 eWMUii">add to list</span>
                                        </button>
                                    </div>
                                </div>
                                <div data-testid="product-card-container" class="sc-dcecc41d-1 inacKu">
                                    <a class="sc-aec2bbd8-0 goNaNy sc-dcecc41d-0 fBmNkX" href="/product/fresh-organic-raspberries-6-oz/320302">
                                        <div class="sc-dcecc41d-3 fobvDD">
                                            <div class="sc-dcecc41d-6 jpTIke">
                                                <span color="white" class="Typographystyled__Typography-sc-1by6236-0 gChGmD">Out of stock</span>
                                            </div>
                                            <div class="sc-dcecc41d-7 ifAyuA">
                                                <div data-testid="productCardImage" class="sc-9d45f00f-1 gefqin">
                                                    <img loading="lazy" src="https://images.heb.com/is/image/HEBGrocery/000320302-1?hei=416&amp;wid=416&amp;defaultimage=CentralMarketLogo_t750x550" aria-label="product image of Fresh Organic Raspberries, 6 oz" width="416" class="sc-9d45f00f-0 isjpEI"/>
                                                </div>
                                            </div>
                                        </div>
                                    </a>
                                    <div class="sc-dcecc41d-5 laYwjn">
                                        <div data-testid="pdp-price" class="sc-fee43095-0 eHbBoZ">
                                            <span class="Typographystyled__Typography-sc-1by6236-0 gbsXyt sc-fee43095-1 eXMKIX">$4.99
                                            <!-- -->
                                            <!-- -->
                                            ea</span>
                                        </div>
                                        <a class="sc-aec2bbd8-0 goNaNy sc-dcecc41d-0 fBmNkX" href="/product/fresh-organic-raspberries-6-oz/320302">
                                            <span data-testid="productCardTitle" class="Typographystyled__Typography-sc-1by6236-0 iaVbLh">Fresh Organic Raspberries, 6 oz</span>
                                        </a>
                                    </div>
                                    <div class="sc-dcecc41d-4 gAOtNW">
                                        <div data-testid="addToCartButton" data-analytics-id="add-to-cart-group" class="sc-14d9bbe-6 iDQyvk">
                                            <div>
                                                <div data-analytics-id="add-to-cart-button" class="sc-14d9bbe-2 juOpgc">
                                                    <button style="width:100%" data-testid="out-of-stock-btn" class="GlobalStyleWrapperstyled__GlobalStyleWrapper-sc-gg5ed3-0 Core__Flex-sc-1a2z39r-0 Buttonstyled__Button-sc-17hrfrr-0 bZmixu PVisF hhfOhM">
                                                        <span color="inherit" class="Typographystyled__Typography-sc-1by6236-0 eWMUii">Find Similar</span>
                                                    </button>
                                                </div>
                                            </div>
                                        </div>
                                        <div class="sc-14d9bbe-4 heCQab"></div>
                                        <button data-testid="add-to-list-button" class="GlobalStyleWrapperstyled__GlobalStyleWrapper-sc-gg5ed3-0 Core__Flex-sc-1a2z39r-0 Buttonstyled__Button-sc-17hrfrr-0 bZmixu PVisF jLZhDm">
                                            <svg aria-hidden="true" focusable="false" data-prefix="fas" data-icon="list-ul" class="svg-inline--fa fa-list-ul " role="img" xmlns="http://www.w3.org/2000/svg" viewBox="0 0 512 512" font-size="16px" name="list-ul">
                                                <path fill="currentColor" d="M64 144a48 48 0 1 0 0-96 48 48 0 1 0 0 96zM192 64c-17.7 0-32 14.3-32 32s14.3 32 32 32l288 0c17.7 0 32-14.3 32-32s-14.3-32-32-32L192 64zm0 160c-17.7 0-32 14.3-32 32s14.3 32 32 32l288 0c17.7 0 32-14.3 32-32s-14.3-32-32-32l-288 0zm0 160c-17.7 0-32 14.3-32 32s14.3 32 32 32l288 0c17.7 0 32-14.3 32-32s-14.3-32-32-32l-288 0zM64 464a48 48 0 1 0 0-96 48 48 0 1 0 0 96zm48-208a48 48 0 1 0 -96 0 48 48 0 1 0 96 0z"></path>
                                            </svg>
                                            <span color="inherit" class="Typographystyled__Typography-sc-1by6236-0 eWMUii">add to list</span>
                                        </button>
                                    </div>
                                </div>
                                <div data-testid="product-card-container" class="sc-dcecc41d-1 inacKu">
                                    <a class="sc-aec2bbd8-0 goNaNy sc-dcecc41d-0 fBmNkX" href="/product/fresh-passion-fruit-each/321164">
                                        <div class="sc-dcecc41d-3 fobvDD">
                                            <div class="sc-dcecc41d-6 jpTIke">
                                                <span color="white" class="Typographystyled__Typography-sc-1by6236-0 gChGmD">Out of stock</span>
                                            </div>
                                            <div class="sc-dcecc41d-7 ifAyuA">
                                                <div data-testid="productCardImage" class="sc-9d45f00f-1 gefqin">
                                                    <img loading="lazy" src="https://images.heb.com/is/image/HEBGrocery/000321164-1?hei=416&amp;wid=416&amp;defaultimage=CentralMarketLogo_t750x550" aria-label="product image of Fresh Passion Fruit, Each" width="416" class="sc-9d45f00f-0 isjpEI"/>
                                                </div>
                                            </div>
                                        </div>
                                    </a>
                                    <div class="sc-dcecc41d-5 laYwjn">
                                        <div data-testid="pdp-price" class="sc-fee43095-0 eHbBoZ">
                                            <span class="Typographystyled__Typography-sc-1by6236-0 gbsXyt sc-fee43095-1 eXMKIX">$4.98
                                            <!-- -->
                                            <!-- -->
                                            ea</span>
                                        </div>
                                        <a class="sc-aec2bbd8-0 goNaNy sc-dcecc41d-0 fBmNkX" href="/product/fresh-passion-fruit-each/321164">
                                            <span data-testid="productCardTitle" class="Typographystyled__Typography-sc-1by6236-0 iaVbLh">Fresh Passion Fruit, Each</span>
                                        </a>
                                    </div>
                                    <div class="sc-dcecc41d-4 gAOtNW">
                                        <div data-testid="addToCartButton" data-analytics-id="add-to-cart-group" class="sc-14d9bbe-6 iDQyvk">
                                            <div>
                                                <div data-analytics-id="add-to-cart-button" class="sc-14d9bbe-2 juOpgc">
                                                    <button style="width:100%" data-testid="out-of-stock-btn" class="GlobalStyleWrapperstyled__GlobalStyleWrapper-sc-gg5ed3-0 Core__Flex-sc-1a2z39r-0 Buttonstyled__Button-sc-17hrfrr-0 bZmixu PVisF hhfOhM">
                                                        <span color="inherit" class="Typographystyled__Typography-sc-1by6236-0 eWMUii">Find Similar</span>
                                                    </button>
                                                </div>
                                            </div>
                                        </div>
                                        <div class="sc-14d9bbe-4 heCQab"></div>
                                        <button data-testid="add-to-list-button" class="GlobalStyleWrapperstyled__GlobalStyleWrapper-sc-gg5ed3-0 Core__Flex-sc-1a2z39r-0 Buttonstyled__Button-sc-17hrfrr-0 bZmixu PVisF jLZhDm">
                                            <svg aria-hidden="true" focusable="false" data-prefix="fas" data-icon="list-ul" class="svg-inline--fa fa-list-ul " role="img" xmlns="http://www.w3.org/2000/svg" viewBox="0 0 512 512" font-size="16px" name="list-ul">
                                                <path fill="currentColor" d="M64 144a48 48 0 1 0 0-96 48 48 0 1 0 0 96zM192 64c-17.7 0-32 14.3-32 32s14.3 32 32 32l288 0c17.7 0 32-14.3 32-32s-14.3-32-32-32L192 64zm0 160c-17.7 0-32 14.3-32 32s14.3 32 32 32l288 0c17.7 0 32-14.3 32-32s-14.3-32-32-32l-288 0zm0 160c-17.7 0-32 14.3-32 32s14.3 32 32 32l288 0c17.7 0 32-14.3 32-32s-14.3-32-32-32l-288 0zM64 464a48 48 0 1 0 0-96 48 48 0 1 0 0 96zm48-208a48 48 0 1 0 -96 0 48 48 0 1 0 96 0z"></path>
                                            </svg>
                                            <span color="inherit" class="Typographystyled__Typography-sc-1by6236-0 eWMUii">add to list</span>
                                        </button>
                                    </div>
                                </div>
                                <div data-testid="product-card-container" class="sc-dcecc41d-1 inacKu">
                                    <a class="sc-aec2bbd8-0 goNaNy sc-dcecc41d-0 fBmNkX" href="/product/fresh-mcintosh-apple/377501">
                                        <div class="sc-dcecc41d-3 fobvDD">
                                            <div class="sc-dcecc41d-7 kSjHOg">
                                                <div data-testid="productCardImage" class="sc-9d45f00f-1 gefqin">
                                                    <img loading="lazy" src="https://images.heb.com/is/image/HEBGrocery/000377501-1?hei=416&amp;wid=416&amp;defaultimage=CentralMarketLogo_t750x550" aria-label="product image of Fresh McIntosh&amp;nbsp;Apple" width="416" class="sc-9d45f00f-0 isjpEI"/>
                                                </div>
                                            </div>
                                        </div>
                                    </a>
                                    <div class="sc-dcecc41d-5 laYwjn">
                                        <div data-testid="pdp-price" class="sc-fee43095-0 eHbBoZ">
                                            <span class="Typographystyled__Typography-sc-1by6236-0 gbsXyt sc-fee43095-1 eXMKIX">$1.29
                                            <!-- -->
                                            <!-- -->
                                            ea</span>
                                        </div>
                                        <a class="sc-aec2bbd8-0 goNaNy sc-dcecc41d-0 fBmNkX" href="/product/fresh-mcintosh-apple/377501">
                                            <span data-testid="productCardTitle" class="Typographystyled__Typography-sc-1by6236-0 iaVbLh">Fresh McIntoshApple</span>
                                        </a>
                                        <div data-testid="product-eawt-info" class="sc-b8807e3a-0 gaIkre">
                                            <div class="sc-b8807e3a-1 mflCu">
                                                <div class="GlobalStyleWrapperstyled__GlobalStyleWrapper-sc-gg5ed3-0 Tagstyled__TagWrapper-sc-yr57by-0 bZmixu kzHTmh">
                                                    <span color="#2B2B2C" class="Typographystyled__Typography-sc-1by6236-0 iaVbLh">Avg. 0.65 lb</span>
                                                </div>
                                                <span class="Typographystyled__Typography-sc-1by6236-0 iaVbLh">$1.99 / lb</span>
                                            </div>
                                        </div>
                                    </div>
                                    <div class="sc-dcecc41d-4 gAOtNW">
                                        <div data-testid="addToCartButton" data-analytics-id="add-to-cart-group" class="sc-14d9bbe-6 iDQyvk">
                                            <div>
                                                <div data-analytics-id="add-to-cart-button" class="sc-14d9bbe-2 juOpgc">
                                                    <button data-testid="add-to-cart-btn" class="GlobalStyleWrapperstyled__GlobalStyleWrapper-sc-gg5ed3-0 Core__Flex-sc-1a2z39r-0 Buttonstyled__Button-sc-17hrfrr-0 bZmixu PVisF jKBZbv sc-14d9bbe-0 inPljW">
                                                        <span color="inherit" class="Typographystyled__Typography-sc-1by6236-0 eWMUii">Add to Cart</span>
                                                    </button>
                                                </div>
                                            </div>
                                        </div>
                                        <div class="sc-14d9bbe-4 heCQab"></div>
                                        <button data-testid="add-to-list-button" class="GlobalStyleWrapperstyled__GlobalStyleWrapper-sc-gg5ed3-0 Core__Flex-sc-1a2z39r-0 Buttonstyled__Button-sc-17hrfrr-0 bZmixu PVisF jLZhDm">
                                            <svg aria-hidden="true" focusable="false" data-prefix="fas" data-icon="list-ul" class="svg-inline--fa fa-list-ul " role="img" xmlns="http://www.w3.org/2000/svg" viewBox="0 0 512 512" font-size="16px" name="list-ul">
                                                <path fill="currentColor" d="M64 144a48 48 0 1 0 0-96 48 48 0 1 0 0 96zM192 64c-17.7 0-32 14.3-32 32s14.3 32 32 32l288 0c17.7 0 32-14.3 32-32s-14.3-32-32-32L192 64zm0 160c-17.7 0-32 14.3-32 32s14.3 32 32 32l288 0c17.7 0 32-14.3 32-32s-14.3-32-32-32l-288 0zm0 160c-17.7 0-32 14.3-32 32s14.3 32 32 32l288 0c17.7 0 32-14.3 32-32s-14.3-32-32-32l-288 0zM64 464a48 48 0 1 0 0-96 48 48 0 1 0 0 96zm48-208a48 48 0 1 0 -96 0 48 48 0 1 0 96 0z"></path>
                                            </svg>
                                            <span color="inherit" class="Typographystyled__Typography-sc-1by6236-0 eWMUii">add to list</span>
                                        </button>
                                    </div>
                                </div>
                                <div data-testid="product-card-container" class="sc-dcecc41d-1 inacKu">
                                    <a class="sc-aec2bbd8-0 goNaNy sc-dcecc41d-0 fBmNkX" href="/product/fresh-sweetango-apple/1346870">
                                        <div class="sc-dcecc41d-3 fobvDD">
                                            <div class="sc-dcecc41d-7 kSjHOg">
                                                <div data-testid="productCardImage" class="sc-9d45f00f-1 gefqin">
                                                    <img loading="lazy" src="https://images.heb.com/is/image/HEBGrocery/001346870-1?hei=416&amp;wid=416&amp;defaultimage=CentralMarketLogo_t750x550" aria-label="product image of Fresh SweeTango Apple" width="416" class="sc-9d45f00f-0 isjpEI"/>
                                                </div>
                                            </div>
                                        </div>
                                    </a>
                                    <div class="sc-dcecc41d-5 laYwjn">
                                        <div data-testid="pdp-price" class="sc-fee43095-0 eHbBoZ">
                                            <span class="Typographystyled__Typography-sc-1by6236-0 gbsXyt sc-fee43095-1 eXMKIX">$1.44
                                            <!-- -->
                                            <!-- -->
                                            ea</span>
                                        </div>
                                        <a class="sc-aec2bbd8-0 goNaNy sc-dcecc41d-0 fBmNkX" href="/product/fresh-sweetango-apple/1346870">
                                            <span data-testid="productCardTitle" class="Typographystyled__Typography-sc-1by6236-0 iaVbLh">Fresh SweeTango Apple</span>
                                        </a>
                                        <div data-testid="product-eawt-info" class="sc-b8807e3a-0 gaIkre">
                                            <div class="sc-b8807e3a-1 mflCu">
                                                <div class="GlobalStyleWrapperstyled__GlobalStyleWrapper-sc-gg5ed3-0 Tagstyled__TagWrapper-sc-yr57by-0 bZmixu kzHTmh">
                                                    <span color="#2B2B2C" class="Typographystyled__Typography-sc-1by6236-0 iaVbLh">Avg. 0.585 lb</span>
                                                </div>
                                                <span class="Typographystyled__Typography-sc-1by6236-0 iaVbLh">$2.47 / lb</span>
                                            </div>
                                        </div>
                                    </div>
                                    <div class="sc-dcecc41d-4 gAOtNW">
                                        <div data-testid="addToCartButton" data-analytics-id="add-to-cart-group" class="sc-14d9bbe-6 iDQyvk">
                                            <div>
                                                <div data-analytics-id="add-to-cart-button" class="sc-14d9bbe-2 juOpgc">
                                                    <button data-testid="add-to-cart-btn" class="GlobalStyleWrapperstyled__GlobalStyleWrapper-sc-gg5ed3-0 Core__Flex-sc-1a2z39r-0 Buttonstyled__Button-sc-17hrfrr-0 bZmixu PVisF jKBZbv sc-14d9bbe-0 inPljW">
                                                        <span color="inherit" class="Typographystyled__Typography-sc-1by6236-0 eWMUii">Add to Cart</span>
                                                    </button>
                                                </div>
                                            </div>
                                        </div>
                                        <div class="sc-14d9bbe-4 heCQab"></div>
                                        <button data-testid="add-to-list-button" class="GlobalStyleWrapperstyled__GlobalStyleWrapper-sc-gg5ed3-0 Core__Flex-sc-1a2z39r-0 Buttonstyled__Button-sc-17hrfrr-0 bZmixu PVisF jLZhDm">
                                            <svg aria-hidden="true" focusable="false" data-prefix="fas" data-icon="list-ul" class="svg-inline--fa fa-list-ul " role="img" xmlns="http://www.w3.org/2000/svg" viewBox="0 0 512 512" font-size="16px" name="list-ul">
                                                <path fill="currentColor" d="M64 144a48 48 0 1 0 0-96 48 48 0 1 0 0 96zM192 64c-17.7 0-32 14.3-32 32s14.3 32 32 32l288 0c17.7 0 32-14.3 32-32s-14.3-32-32-32L192 64zm0 160c-17.7 0-32 14.3-32 32s14.3 32 32 32l288 0c17.7 0 32-14.3 32-32s-14.3-32-32-32l-288 0zm0 160c-17.7 0-32 14.3-32 32s14.3 32 32 32l288 0c17.7 0 32-14.3 32-32s-14.3-32-32-32l-288 0zM64 464a48 48 0 1 0 0-96 48 48 0 1 0 0 96zm48-208a48 48 0 1 0 -96 0 48 48 0 1 0 96 0z"></path>
                                            </svg>
                                            <span color="inherit" class="Typographystyled__Typography-sc-1by6236-0 eWMUii">add to list</span>
                                        </button>
                                    </div>
                                </div>
                                <div data-testid="product-card-container" class="sc-dcecc41d-1 inacKu">
                                    <a class="sc-aec2bbd8-0 goNaNy sc-dcecc41d-0 fBmNkX" href="/product/green-dragon-apples/1359671">
                                        <div class="sc-dcecc41d-3 fobvDD">
                                            <div class="sc-dcecc41d-7 kSjHOg">
                                                <div data-testid="productCardImage" class="sc-9d45f00f-1 gefqin">
                                                    <img loading="lazy" src="https://images.heb.com/is/image/HEBGrocery/001359671-1?hei=416&amp;wid=416&amp;defaultimage=CentralMarketLogo_t750x550" aria-label="product image of Green Dragon Apples" width="416" class="sc-9d45f00f-0 isjpEI"/>
                                                </div>
                                            </div>
                                        </div>
                                    </a>
                                    <div class="sc-dcecc41d-5 laYwjn">
                                        <div data-testid="pdp-price" class="sc-fee43095-0 eHbBoZ">
                                            <span class="Typographystyled__Typography-sc-1by6236-0 gbsXyt sc-fee43095-1 eXMKIX">$1.99
                                            <!-- -->
                                            <!-- -->
                                            ea</span>
                                        </div>
                                        <a class="sc-aec2bbd8-0 goNaNy sc-dcecc41d-0 fBmNkX" href="/product/green-dragon-apples/1359671">
                                            <span data-testid="productCardTitle" class="Typographystyled__Typography-sc-1by6236-0 iaVbLh">Green Dragon Apples</span>
                                        </a>
                                        <div data-testid="product-eawt-info" class="sc-b8807e3a-0 gaIkre">
                                            <div class="sc-b8807e3a-1 mflCu">
                                                <div class="GlobalStyleWrapperstyled__GlobalStyleWrapper-sc-gg5ed3-0 Tagstyled__TagWrapper-sc-yr57by-0 bZmixu kzHTmh">
                                                    <span color="#2B2B2C" class="Typographystyled__Typography-sc-1by6236-0 iaVbLh">Avg. 0.5 lb</span>
                                                </div>
                                                <span class="Typographystyled__Typography-sc-1by6236-0 iaVbLh">$3.98 / lb</span>
                                            </div>
                                        </div>
                                    </div>
                                    <div class="sc-dcecc41d-4 gAOtNW">
                                        <div data-testid="addToCartButton" data-analytics-id="add-to-cart-group" class="sc-14d9bbe-6 iDQyvk">
                                            <div>
                                                <div data-analytics-id="add-to-cart-button" class="sc-14d9bbe-2 juOpgc">
                                                    <button data-testid="add-to-cart-btn" class="GlobalStyleWrapperstyled__GlobalStyleWrapper-sc-gg5ed3-0 Core__Flex-sc-1a2z39r-0 Buttonstyled__Button-sc-17hrfrr-0 bZmixu PVisF jKBZbv sc-14d9bbe-0 inPljW">
                                                        <span color="inherit" class="Typographystyled__Typography-sc-1by6236-0 eWMUii">Add to Cart</span>
                                                    </button>
                                                </div>
                                            </div>
                                        </div>
                                        <div class="sc-14d9bbe-4 heCQab"></div>
                                        <button data-testid="add-to-list-button" class="GlobalStyleWrapperstyled__GlobalStyleWrapper-sc-gg5ed3-0 Core__Flex-sc-1a2z39r-0 Buttonstyled__Button-sc-17hrfrr-0 bZmixu PVisF jLZhDm">
                                            <svg aria-hidden="true" focusable="false" data-prefix="fas" data-icon="list-ul" class="svg-inline--fa fa-list-ul " role="img" xmlns="http://www.w3.org/2000/svg" viewBox="0 0 512 512" font-size="16px" name="list-ul">
                                                <path fill="currentColor" d="M64 144a48 48 0 1 0 0-96 48 48 0 1 0 0 96zM192 64c-17.7 0-32 14.3-32 32s14.3 32 32 32l288 0c17.7 0 32-14.3 32-32s-14.3-32-32-32L192 64zm0 160c-17.7 0-32 14.3-32 32s14.3 32 32 32l288 0c17.7 0 32-14.3 32-32s-14.3-32-32-32l-288 0zm0 160c-17.7 0-32 14.3-32 32s14.3 32 32 32l288 0c17.7 0 32-14.3 32-32s-14.3-32-32-32l-288 0zM64 464a48 48 0 1 0 0-96 48 48 0 1 0 0 96zm48-208a48 48 0 1 0 -96 0 48 48 0 1 0 96 0z"></path>
                                            </svg>
                                            <span color="inherit" class="Typographystyled__Typography-sc-1by6236-0 eWMUii">add to list</span>
                                        </button>
                                    </div>
                                </div>
                                <div data-testid="product-card-container" class="sc-dcecc41d-1 inacKu">
                                    <a class="sc-aec2bbd8-0 goNaNy sc-dcecc41d-0 fBmNkX" href="/product/fresh-seedless-white-grapes/325210">
                                        <div class="sc-dcecc41d-3 fobvDD">
                                            <div class="sc-dcecc41d-6 jpTIke">
                                                <span color="white" class="Typographystyled__Typography-sc-1by6236-0 gChGmD">Out of stock</span>
                                            </div>
                                            <div class="sc-dcecc41d-7 ifAyuA">
                                                <div data-testid="productCardImage" class="sc-9d45f00f-1 gefqin">
                                                    <img loading="lazy" src="https://images.heb.com/is/image/HEBGrocery/000325210-1?hei=416&amp;wid=416&amp;defaultimage=CentralMarketLogo_t750x550" aria-label="product image of Fresh Seedless&amp;nbsp;White Grapes" width="416" class="sc-9d45f00f-0 isjpEI"/>
                                                </div>
                                            </div>
                                        </div>
                                    </a>
                                    <div class="sc-dcecc41d-5 laYwjn">
                                        <div data-testid="pdp-price" class="sc-fee43095-0 eHbBoZ">
                                            <span class="Typographystyled__Typography-sc-1by6236-0 gbsXyt sc-fee43095-1 eXMKIX">$7.96
                                            <!-- -->
                                            <!-- -->
                                            ea</span>
                                        </div>
                                        <a class="sc-aec2bbd8-0 goNaNy sc-dcecc41d-0 fBmNkX" href="/product/fresh-seedless-white-grapes/325210">
                                            <span data-testid="productCardTitle" class="Typographystyled__Typography-sc-1by6236-0 iaVbLh">Fresh SeedlessWhite Grapes</span>
                                        </a>
                                        <div data-testid="product-eawt-info" class="sc-b8807e3a-0 gaIkre">
                                            <div class="sc-b8807e3a-1 mflCu">
                                                <div class="GlobalStyleWrapperstyled__GlobalStyleWrapper-sc-gg5ed3-0 Tagstyled__TagWrapper-sc-yr57by-0 bZmixu kzHTmh">
                                                    <span color="#2B2B2C" class="Typographystyled__Typography-sc-1by6236-0 iaVbLh">Avg. 2.29 lb</span>
                                                </div>
                                                <span class="Typographystyled__Typography-sc-1by6236-0 iaVbLh">$3.48 / lb</span>
                                            </div>
                                        </div>
                                    </div>
                                    <div class="sc-dcecc41d-4 gAOtNW">
                                        <div data-testid="addToCartButton" data-analytics-id="add-to-cart-group" class="sc-14d9bbe-6 iDQyvk">
                                            <div>
                                                <div data-analytics-id="add-to-cart-button" class="sc-14d9bbe-2 juOpgc">
                                                    <button style="width:100%" data-testid="out-of-stock-btn" class="GlobalStyleWrapperstyled__GlobalStyleWrapper-sc-gg5ed3-0 Core__Flex-sc-1a2z39r-0 Buttonstyled__Button-sc-17hrfrr-0 bZmixu PVisF hhfOhM">
                                                        <span color="inherit" class="Typographystyled__Typography-sc-1by6236-0 eWMUii">Find Similar</span>
                                                    </button>
                                                </div>
                                            </div>
                                        </div>
                                        <div class="sc-14d9bbe-4 heCQab"></div>
                                        <button data-testid="add-to-list-button" class="GlobalStyleWrapperstyled__GlobalStyleWrapper-sc-gg5ed3-0 Core__Flex-sc-1a2z39r-0 Buttonstyled__Button-sc-17hrfrr-0 bZmixu PVisF jLZhDm">
                                            <svg aria-hidden="true" focusable="false" data-prefix="fas" data-icon="list-ul" class="svg-inline--fa fa-list-ul " role="img" xmlns="http://www.w3.org/2000/svg" viewBox="0 0 512 512" font-size="16px" name="list-ul">
                                                <path fill="currentColor" d="M64 144a48 48 0 1 0 0-96 48 48 0 1 0 0 96zM192 64c-17.7 0-32 14.3-32 32s14.3 32 32 32l288 0c17.7 0 32-14.3 32-32s-14.3-32-32-32L192 64zm0 160c-17.7 0-32 14.3-32 32s14.3 32 32 32l288 0c17.7 0 32-14.3 32-32s-14.3-32-32-32l-288 0zm0 160c-17.7 0-32 14.3-32 32s14.3 32 32 32l288 0c17.7 0 32-14.3 32-32s-14.3-32-32-32l-288 0zM64 464a48 48 0 1 0 0-96 48 48 0 1 0 0 96zm48-208a48 48 0 1 0 -96 0 48 48 0 1 0 96 0z"></path>
                                            </svg>
                                            <span color="inherit" class="Typographystyled__Typography-sc-1by6236-0 eWMUii">add to list</span>
                                        </button>
                                    </div>
                                </div>
                                <div data-testid="product-card-container" class="sc-dcecc41d-1 inacKu">
                                    <a class="sc-aec2bbd8-0 goNaNy sc-dcecc41d-0 fBmNkX" href="/product/central-market-family-sized-pineapple-chunks-ea/8449514">
                                        <div class="sc-dcecc41d-3 fobvDD">
                                            <div class="sc-dcecc41d-7 kSjHOg">
                                                <div data-testid="productCardImage" class="sc-9d45f00f-1 gefqin">
                                                    <img loading="lazy" src="https://images.heb.com/is/image/HEBGrocery/008449514-1?hei=416&amp;wid=416&amp;defaultimage=CentralMarketLogo_t750x550" aria-label="product image of Central Market Family Sized Pineapple Chunks, ea" width="416" class="sc-9d45f00f-0 isjpEI"/>
                                                </div>
                                            </div>
                                        </div>
                                    </a>
                                    <div class="sc-dcecc41d-5 laYwjn">
                                        <div data-testid="pdp-price" class="sc-fee43095-0 eHbBoZ">
                                            <span class="Typographystyled__Typography-sc-1by6236-0 gbsXyt sc-fee43095-1 eXMKIX">$11.99
                                            <!-- -->
                                            <!-- -->
                                            ea</span>
                                        </div>
                                        <a class="sc-aec2bbd8-0 goNaNy sc-dcecc41d-0 fBmNkX" href="/product/central-market-family-sized-pineapple-chunks-ea/8449514">
                                            <span data-testid="productCardTitle" class="Typographystyled__Typography-sc-1by6236-0 iaVbLh">Central Market Family Sized Pineapple Chunks, ea</span>
                                        </a>
                                    </div>
                                    <div class="sc-dcecc41d-4 gAOtNW">
                                        <div data-testid="addToCartButton" data-analytics-id="add-to-cart-group" class="sc-14d9bbe-6 iDQyvk">
                                            <div>
                                                <div data-analytics-id="add-to-cart-button" class="sc-14d9bbe-2 juOpgc">
                                                    <button data-testid="add-to-cart-btn" class="GlobalStyleWrapperstyled__GlobalStyleWrapper-sc-gg5ed3-0 Core__Flex-sc-1a2z39r-0 Buttonstyled__Button-sc-17hrfrr-0 bZmixu PVisF jKBZbv sc-14d9bbe-0 inPljW">
                                                        <span color="inherit" class="Typographystyled__Typography-sc-1by6236-0 eWMUii">Add to Cart</span>
                                                    </button>
                                                </div>
                                            </div>
                                        </div>
                                        <div class="sc-14d9bbe-4 heCQab"></div>
                                        <button data-testid="add-to-list-button" class="GlobalStyleWrapperstyled__GlobalStyleWrapper-sc-gg5ed3-0 Core__Flex-sc-1a2z39r-0 Buttonstyled__Button-sc-17hrfrr-0 bZmixu PVisF jLZhDm">
                                            <svg aria-hidden="true" focusable="false" data-prefix="fas" data-icon="list-ul" class="svg-inline--fa fa-list-ul " role="img" xmlns="http://www.w3.org/2000/svg" viewBox="0 0 512 512" font-size="16px" name="list-ul">
                                                <path fill="currentColor" d="M64 144a48 48 0 1 0 0-96 48 48 0 1 0 0 96zM192 64c-17.7 0-32 14.3-32 32s14.3 32 32 32l288 0c17.7 0 32-14.3 32-32s-14.3-32-32-32L192 64zm0 160c-17.7 0-32 14.3-32 32s14.3 32 32 32l288 0c17.7 0 32-14.3 32-32s-14.3-32-32-32l-288 0zm0 160c-17.7 0-32 14.3-32 32s14.3 32 32 32l288 0c17.7 0 32-14.3 32-32s-14.3-32-32-32l-288 0zM64 464a48 48 0 1 0 0-96 48 48 0 1 0 0 96zm48-208a48 48 0 1 0 -96 0 48 48 0 1 0 96 0z"></path>
                                            </svg>
                                            <span color="inherit" class="Typographystyled__Typography-sc-1by6236-0 eWMUii">add to list</span>
                                        </button>
                                    </div>
                                </div>
                                <div data-testid="product-card-container" class="sc-dcecc41d-1 inacKu">
                                    <a class="sc-aec2bbd8-0 goNaNy sc-dcecc41d-0 fBmNkX" href="/product/fresh-organic-granny-smith-apples/320255">
                                        <div class="sc-dcecc41d-3 fobvDD">
                                            <div class="sc-dcecc41d-7 kSjHOg">
                                                <div data-testid="productCardImage" class="sc-9d45f00f-1 gefqin">
                                                    <img loading="lazy" src="https://images.heb.com/is/image/HEBGrocery/000320255-1?hei=416&amp;wid=416&amp;defaultimage=CentralMarketLogo_t750x550" aria-label="product image of Fresh Organic Granny Smith Apples" width="416" class="sc-9d45f00f-0 isjpEI"/>
                                                </div>
                                            </div>
                                        </div>
                                    </a>
                                    <div class="sc-dcecc41d-5 laYwjn">
                                        <div data-testid="pdp-price" class="sc-fee43095-0 eHbBoZ">
                                            <span class="Typographystyled__Typography-sc-1by6236-0 gbsXyt sc-fee43095-1 eXMKIX">$1.79
                                            <!-- -->
                                            <!-- -->
                                            ea</span>
                                        </div>
                                        <a class="sc-aec2bbd8-0 goNaNy sc-dcecc41d-0 fBmNkX" href="/product/fresh-organic-granny-smith-apples/320255">
                                            <span data-testid="productCardTitle" class="Typographystyled__Typography-sc-1by6236-0 iaVbLh">Fresh Organic Granny Smith Apples</span>
                                        </a>
                                        <div data-testid="product-eawt-info" class="sc-b8807e3a-0 gaIkre">
                                            <div class="sc-b8807e3a-1 mflCu">
                                                <div class="GlobalStyleWrapperstyled__GlobalStyleWrapper-sc-gg5ed3-0 Tagstyled__TagWrapper-sc-yr57by-0 bZmixu kzHTmh">
                                                    <span color="#2B2B2C" class="Typographystyled__Typography-sc-1by6236-0 iaVbLh">Avg. 0.6 lb</span>
                                                </div>
                                                <span class="Typographystyled__Typography-sc-1by6236-0 iaVbLh">$2.99 / lb</span>
                                            </div>
                                        </div>
                                    </div>
                                    <div class="sc-dcecc41d-4 gAOtNW">
                                        <div data-testid="addToCartButton" data-analytics-id="add-to-cart-group" class="sc-14d9bbe-6 iDQyvk">
                                            <div>
                                                <div data-analytics-id="add-to-cart-button" class="sc-14d9bbe-2 juOpgc">
                                                    <button data-testid="add-to-cart-btn" class="GlobalStyleWrapperstyled__GlobalStyleWrapper-sc-gg5ed3-0 Core__Flex-sc-1a2z39r-0 Buttonstyled__Button-sc-17hrfrr-0 bZmixu PVisF jKBZbv sc-14d9bbe-0 inPljW">
                                                        <span color="inherit" class="Typographystyled__Typography-sc-1by6236-0 eWMUii">Add to Cart</span>
                                                    </button>
                                                </div>
                                            </div>
                                        </div>
                                        <div class="sc-14d9bbe-4 heCQab"></div>
                                        <button data-testid="add-to-list-button" class="GlobalStyleWrapperstyled__GlobalStyleWrapper-sc-gg5ed3-0 Core__Flex-sc-1a2z39r-0 Buttonstyled__Button-sc-17hrfrr-0 bZmixu PVisF jLZhDm">
                                            <svg aria-hidden="true" focusable="false" data-prefix="fas" data-icon="list-ul" class="svg-inline--fa fa-list-ul " role="img" xmlns="http://www.w3.org/2000/svg" viewBox="0 0 512 512" font-size="16px" name="list-ul">
                                                <path fill="currentColor" d="M64 144a48 48 0 1 0 0-96 48 48 0 1 0 0 96zM192 64c-17.7 0-32 14.3-32 32s14.3 32 32 32l288 0c17.7 0 32-14.3 32-32s-14.3-32-32-32L192 64zm0 160c-17.7 0-32 14.3-32 32s14.3 32 32 32l288 0c17.7 0 32-14.3 32-32s-14.3-32-32-32l-288 0zm0 160c-17.7 0-32 14.3-32 32s14.3 32 32 32l288 0c17.7 0 32-14.3 32-32s-14.3-32-32-32l-288 0zM64 464a48 48 0 1 0 0-96 48 48 0 1 0 0 96zm48-208a48 48 0 1 0 -96 0 48 48 0 1 0 96 0z"></path>
                                            </svg>
                                            <span color="inherit" class="Typographystyled__Typography-sc-1by6236-0 eWMUii">add to list</span>
                                        </button>
                                    </div>
                                </div>
                                <div data-testid="product-card-container" class="sc-dcecc41d-1 inacKu">
                                    <a class="sc-aec2bbd8-0 goNaNy sc-dcecc41d-0 fBmNkX" href="/product/lucy-glo-apple/5977543">
                                        <div class="sc-dcecc41d-3 fobvDD">
                                            <div class="sc-dcecc41d-7 kSjHOg">
                                                <div data-testid="productCardImage" class="sc-9d45f00f-1 gefqin">
                                                    <img loading="lazy" src="https://images.heb.com/is/image/HEBGrocery/005977543-1?hei=416&amp;wid=416&amp;defaultimage=CentralMarketLogo_t750x550" aria-label="product image of Lucy Glo Apple" width="416" class="sc-9d45f00f-0 isjpEI"/>
                                                </div>
                                            </div>
                                        </div>
                                    </a>
                                    <div class="sc-dcecc41d-5 laYwjn">
                                        <div data-testid="pdp-price" class="sc-fee43095-0 eHbBoZ">
                                            <span class="Typographystyled__Typography-sc-1by6236-0 gbsXyt sc-fee43095-1 eXMKIX">$2.38
                                            <!-- -->
                                            <!-- -->
                                            ea</span>
                                        </div>
                                        <a class="sc-aec2bbd8-0 goNaNy sc-dcecc41d-0 fBmNkX" href="/product/lucy-glo-apple/5977543">
                                            <span data-testid="productCardTitle" class="Typographystyled__Typography-sc-1by6236-0 iaVbLh">Lucy Glo Apple</span>
                                        </a>
                                        <div data-testid="product-eawt-info" class="sc-b8807e3a-0 gaIkre">
                                            <div class="sc-b8807e3a-1 mflCu">
                                                <div class="GlobalStyleWrapperstyled__GlobalStyleWrapper-sc-gg5ed3-0 Tagstyled__TagWrapper-sc-yr57by-0 bZmixu kzHTmh">
                                                    <span color="#2B2B2C" class="Typographystyled__Typography-sc-1by6236-0 iaVbLh">Avg. 0.6 lb</span>
                                                </div>
                                                <span class="Typographystyled__Typography-sc-1by6236-0 iaVbLh">$3.98 / lb</span>
                                            </div>
                                        </div>
                                    </div>
                                    <div class="sc-dcecc41d-4 gAOtNW">
                                        <div data-testid="addToCartButton" data-analytics-id="add-to-cart-group" class="sc-14d9bbe-6 iDQyvk">
                                            <div>
                                                <div data-analytics-id="add-to-cart-button" class="sc-14d9bbe-2 juOpgc">
                                                    <button data-testid="add-to-cart-btn" class="GlobalStyleWrapperstyled__GlobalStyleWrapper-sc-gg5ed3-0 Core__Flex-sc-1a2z39r-0 Buttonstyled__Button-sc-17hrfrr-0 bZmixu PVisF jKBZbv sc-14d9bbe-0 inPljW">
                                                        <span color="inherit" class="Typographystyled__Typography-sc-1by6236-0 eWMUii">Add to Cart</span>
                                                    </button>
                                                </div>
                                            </div>
                                        </div>
                                        <div class="sc-14d9bbe-4 heCQab"></div>
                                        <button data-testid="add-to-list-button" class="GlobalStyleWrapperstyled__GlobalStyleWrapper-sc-gg5ed3-0 Core__Flex-sc-1a2z39r-0 Buttonstyled__Button-sc-17hrfrr-0 bZmixu PVisF jLZhDm">
                                            <svg aria-hidden="true" focusable="false" data-prefix="fas" data-icon="list-ul" class="svg-inline--fa fa-list-ul " role="img" xmlns="http://www.w3.org/2000/svg" viewBox="0 0 512 512" font-size="16px" name="list-ul">
                                                <path fill="currentColor" d="M64 144a48 48 0 1 0 0-96 48 48 0 1 0 0 96zM192 64c-17.7 0-32 14.3-32 32s14.3 32 32 32l288 0c17.7 0 32-14.3 32-32s-14.3-32-32-32L192 64zm0 160c-17.7 0-32 14.3-32 32s14.3 32 32 32l288 0c17.7 0 32-14.3 32-32s-14.3-32-32-32l-288 0zm0 160c-17.7 0-32 14.3-32 32s14.3 32 32 32l288 0c17.7 0 32-14.3 32-32s-14.3-32-32-32l-288 0zM64 464a48 48 0 1 0 0-96 48 48 0 1 0 0 96zm48-208a48 48 0 1 0 -96 0 48 48 0 1 0 96 0z"></path>
                                            </svg>
                                            <span color="inherit" class="Typographystyled__Typography-sc-1by6236-0 eWMUii">add to list</span>
                                        </button>
                                    </div>
                                </div>
                                <div data-testid="product-card-container" class="sc-dcecc41d-1 inacKu">
                                    <a class="sc-aec2bbd8-0 goNaNy sc-dcecc41d-0 fBmNkX" href="/product/fresh-cherimoya/321167">
                                        <div class="sc-dcecc41d-3 fobvDD">
                                            <div class="sc-dcecc41d-6 jpTIke">
                                                <span color="white" class="Typographystyled__Typography-sc-1by6236-0 gChGmD">Out of stock</span>
                                            </div>
                                            <div class="sc-dcecc41d-7 ifAyuA">
                                                <div data-testid="productCardImage" class="sc-9d45f00f-1 gefqin">
                                                    <img loading="lazy" src="https://images.heb.com/is/image/HEBGrocery/000321167-1?hei=416&amp;wid=416&amp;defaultimage=CentralMarketLogo_t750x550" aria-label="product image of Fresh Cherimoya" width="416" class="sc-9d45f00f-0 isjpEI"/>
                                                </div>
                                            </div>
                                        </div>
                                    </a>
                                    <div class="sc-dcecc41d-5 laYwjn">
                                        <div data-testid="pdp-price" class="sc-fee43095-0 eHbBoZ">
                                            <span class="Typographystyled__Typography-sc-1by6236-0 gbsXyt sc-fee43095-1 eXMKIX">$13.17
                                            <!-- -->
                                            <!-- -->
                                            ea</span>
                                        </div>
                                        <a class="sc-aec2bbd8-0 goNaNy sc-dcecc41d-0 fBmNkX" href="/product/fresh-cherimoya/321167">
                                            <span data-testid="productCardTitle" class="Typographystyled__Typography-sc-1by6236-0 iaVbLh">Fresh Cherimoya</span>
                                        </a>
                                        <div data-testid="product-eawt-info" class="sc-b8807e3a-0 gaIkre">
                                            <div class="sc-b8807e3a-1 mflCu">
                                                <div class="GlobalStyleWrapperstyled__GlobalStyleWrapper-sc-gg5ed3-0 Tagstyled__TagWrapper-sc-yr57by-0 bZmixu kzHTmh">
                                                    <span color="#2B2B2C" class="Typographystyled__Typography-sc-1by6236-0 iaVbLh">Avg. 1.1 lb</span>
                                                </div>
                                                <span class="Typographystyled__Typography-sc-1by6236-0 iaVbLh">$11.98 / lb</span>
                                            </div>
                                        </div>
                                    </div>
                                    <div class="sc-dcecc41d-4 gAOtNW">
                                        <div data-testid="addToCartButton" data-analytics-id="add-to-cart-group" class="sc-14d9bbe-6 iDQyvk">
                                            <div>
                                                <div data-analytics-id="add-to-cart-button" class="sc-14d9bbe-2 juOpgc">
                                                    <button style="width:100%" data-testid="out-of-stock-btn" class="GlobalStyleWrapperstyled__GlobalStyleWrapper-sc-gg5ed3-0 Core__Flex-sc-1a2z39r-0 Buttonstyled__Button-sc-17hrfrr-0 bZmixu PVisF hhfOhM">
                                                        <span color="inherit" class="Typographystyled__Typography-sc-1by6236-0 eWMUii">Find Similar</span>
                                                    </button>
                                                </div>
                                            </div>
                                        </div>
                                        <div class="sc-14d9bbe-4 heCQab"></div>
                                        <button data-testid="add-to-list-button" class="GlobalStyleWrapperstyled__GlobalStyleWrapper-sc-gg5ed3-0 Core__Flex-sc-1a2z39r-0 Buttonstyled__Button-sc-17hrfrr-0 bZmixu PVisF jLZhDm">
                                            <svg aria-hidden="true" focusable="false" data-prefix="fas" data-icon="list-ul" class="svg-inline--fa fa-list-ul " role="img" xmlns="http://www.w3.org/2000/svg" viewBox="0 0 512 512" font-size="16px" name="list-ul">
                                                <path fill="currentColor" d="M64 144a48 48 0 1 0 0-96 48 48 0 1 0 0 96zM192 64c-17.7 0-32 14.3-32 32s14.3 32 32 32l288 0c17.7 0 32-14.3 32-32s-14.3-32-32-32L192 64zm0 160c-17.7 0-32 14.3-32 32s14.3 32 32 32l288 0c17.7 0 32-14.3 32-32s-14.3-32-32-32l-288 0zm0 160c-17.7 0-32 14.3-32 32s14.3 32 32 32l288 0c17.7 0 32-14.3 32-32s-14.3-32-32-32l-288 0zM64 464a48 48 0 1 0 0-96 48 48 0 1 0 0 96zm48-208a48 48 0 1 0 -96 0 48 48 0 1 0 96 0z"></path>
                                            </svg>
                                            <span color="inherit" class="Typographystyled__Typography-sc-1by6236-0 eWMUii">add to list</span>
                                        </button>
                                    </div>
                                </div>
                                <div data-testid="product-card-container" class="sc-dcecc41d-1 inacKu">
                                    <a class="sc-aec2bbd8-0 goNaNy sc-dcecc41d-0 fBmNkX" href="/product/central-market-prepless-assorted-berries-27-oz/1569602">
                                        <div class="sc-dcecc41d-3 fobvDD">
                                            <div class="sc-dcecc41d-7 kSjHOg">
                                                <div data-testid="productCardImage" class="sc-9d45f00f-1 gefqin">
                                                    <img loading="lazy" src="https://images.heb.com/is/image/HEBGrocery/001569602-1?hei=416&amp;wid=416&amp;defaultimage=CentralMarketLogo_t750x550" aria-label="product image of Central Market Prepless Assorted Berries, 27 oz" width="416" class="sc-9d45f00f-0 isjpEI"/>
                                                </div>
                                            </div>
                                        </div>
                                    </a>
                                    <div class="sc-dcecc41d-5 laYwjn">
                                        <div data-testid="pdp-price" class="sc-fee43095-0 eHbBoZ">
                                            <span class="Typographystyled__Typography-sc-1by6236-0 gbsXyt sc-fee43095-1 eXMKIX">$15.99
                                            <!-- -->
                                            <!-- -->
                                            ea</span>
                                        </div>
                                        <a class="sc-aec2bbd8-0 goNaNy sc-dcecc41d-0 fBmNkX" href="/product/central-market-prepless-assorted-berries-27-oz/1569602">
                                            <span data-testid="productCardTitle" class="Typographystyled__Typography-sc-1by6236-0 iaVbLh">Central Market Prepless Assorted Berries, 27 oz</span>
                                        </a>
                                    </div>
                                    <div class="sc-dcecc41d-4 gAOtNW">
                                        <div data-testid="addToCartButton" data-analytics-id="add-to-cart-group" class="sc-14d9bbe-6 iDQyvk">
                                            <div>
                                                <div data-analytics-id="add-to-cart-button" class="sc-14d9bbe-2 juOpgc">
                                                    <button data-testid="add-to-cart-btn" class="GlobalStyleWrapperstyled__GlobalStyleWrapper-sc-gg5ed3-0 Core__Flex-sc-1a2z39r-0 Buttonstyled__Button-sc-17hrfrr-0 bZmixu PVisF jKBZbv sc-14d9bbe-0 inPljW">
                                                        <span color="inherit" class="Typographystyled__Typography-sc-1by6236-0 eWMUii">Add to Cart</span>
                                                    </button>
                                                </div>
                                            </div>
                                        </div>
                                        <div class="sc-14d9bbe-4 heCQab"></div>
                                        <button data-testid="add-to-list-button" class="GlobalStyleWrapperstyled__GlobalStyleWrapper-sc-gg5ed3-0 Core__Flex-sc-1a2z39r-0 Buttonstyled__Button-sc-17hrfrr-0 bZmixu PVisF jLZhDm">
                                            <svg aria-hidden="true" focusable="false" data-prefix="fas" data-icon="list-ul" class="svg-inline--fa fa-list-ul " role="img" xmlns="http://www.w3.org/2000/svg" viewBox="0 0 512 512" font-size="16px" name="list-ul">
                                                <path fill="currentColor" d="M64 144a48 48 0 1 0 0-96 48 48 0 1 0 0 96zM192 64c-17.7 0-32 14.3-32 32s14.3 32 32 32l288 0c17.7 0 32-14.3 32-32s-14.3-32-32-32L192 64zm0 160c-17.7 0-32 14.3-32 32s14.3 32 32 32l288 0c17.7 0 32-14.3 32-32s-14.3-32-32-32l-288 0zm0 160c-17.7 0-32 14.3-32 32s14.3 32 32 32l288 0c17.7 0 32-14.3 32-32s-14.3-32-32-32l-288 0zM64 464a48 48 0 1 0 0-96 48 48 0 1 0 0 96zm48-208a48 48 0 1 0 -96 0 48 48 0 1 0 96 0z"></path>
                                            </svg>
                                            <span color="inherit" class="Typographystyled__Typography-sc-1by6236-0 eWMUii">add to list</span>
                                        </button>
                                    </div>
                                </div>
                                <div data-testid="product-card-container" class="sc-dcecc41d-1 inacKu">
                                    <a class="sc-aec2bbd8-0 goNaNy sc-dcecc41d-0 fBmNkX" href="/product/pink-pearl-apples/1123569">
                                        <div class="sc-dcecc41d-3 fobvDD">
                                            <div class="sc-dcecc41d-7 kSjHOg">
                                                <div data-testid="productCardImage" class="sc-9d45f00f-1 gefqin">
                                                    <img loading="lazy" src="https://images.heb.com/is/image/HEBGrocery/001123569-1?hei=416&amp;wid=416&amp;defaultimage=CentralMarketLogo_t750x550" aria-label="product image of Pink Pearl Apples" width="416" class="sc-9d45f00f-0 isjpEI"/>
                                                </div>
                                            </div>
                                        </div>
                                    </a>
                                    <div class="sc-dcecc41d-5 laYwjn">
                                        <div data-testid="pdp-price" class="sc-fee43095-0 eHbBoZ">
                                            <span class="Typographystyled__Typography-sc-1by6236-0 gbsXyt sc-fee43095-1 eXMKIX">$3.49
                                            <!-- -->
                                            <!-- -->
                                            ea</span>
                                        </div>
                                        <a class="sc-aec2bbd8-0 goNaNy sc-dcecc41d-0 fBmNkX" href="/product/pink-pearl-apples/1123569">
                                            <span data-testid="productCardTitle" class="Typographystyled__Typography-sc-1by6236-0 iaVbLh">Pink Pearl Apples</span>
                                        </a>
                                        <div data-testid="product-eawt-info" class="sc-b8807e3a-0 gaIkre">
                                            <div class="sc-b8807e3a-1 mflCu">
                                                <div class="GlobalStyleWrapperstyled__GlobalStyleWrapper-sc-gg5ed3-0 Tagstyled__TagWrapper-sc-yr57by-0 bZmixu kzHTmh">
                                                    <span color="#2B2B2C" class="Typographystyled__Typography-sc-1by6236-0 iaVbLh">Avg. 0.5 lb</span>
                                                </div>
                                                <span class="Typographystyled__Typography-sc-1by6236-0 iaVbLh">$6.99 / lb</span>
                                            </div>
                                        </div>
                                    </div>
                                    <div class="sc-dcecc41d-4 gAOtNW">
                                        <div data-testid="addToCartButton" data-analytics-id="add-to-cart-group" class="sc-14d9bbe-6 iDQyvk">
                                            <div>
                                                <div data-analytics-id="add-to-cart-button" class="sc-14d9bbe-2 juOpgc">
                                                    <button data-testid="add-to-cart-btn" class="GlobalStyleWrapperstyled__GlobalStyleWrapper-sc-gg5ed3-0 Core__Flex-sc-1a2z39r-0 Buttonstyled__Button-sc-17hrfrr-0 bZmixu PVisF jKBZbv sc-14d9bbe-0 inPljW">
                                                        <span color="inherit" class="Typographystyled__Typography-sc-1by6236-0 eWMUii">Add to Cart</span>
                                                    </button>
                                                </div>
                                            </div>
                                        </div>
                                        <div class="sc-14d9bbe-4 heCQab"></div>
                                        <button data-testid="add-to-list-button" class="GlobalStyleWrapperstyled__GlobalStyleWrapper-sc-gg5ed3-0 Core__Flex-sc-1a2z39r-0 Buttonstyled__Button-sc-17hrfrr-0 bZmixu PVisF jLZhDm">
                                            <svg aria-hidden="true" focusable="false" data-prefix="fas" data-icon="list-ul" class="svg-inline--fa fa-list-ul " role="img" xmlns="http://www.w3.org/2000/svg" viewBox="0 0 512 512" font-size="16px" name="list-ul">
                                                <path fill="currentColor" d="M64 144a48 48 0 1 0 0-96 48 48 0 1 0 0 96zM192 64c-17.7 0-32 14.3-32 32s14.3 32 32 32l288 0c17.7 0 32-14.3 32-32s-14.3-32-32-32L192 64zm0 160c-17.7 0-32 14.3-32 32s14.3 32 32 32l288 0c17.7 0 32-14.3 32-32s-14.3-32-32-32l-288 0zm0 160c-17.7 0-32 14.3-32 32s14.3 32 32 32l288 0c17.7 0 32-14.3 32-32s-14.3-32-32-32l-288 0zM64 464a48 48 0 1 0 0-96 48 48 0 1 0 0 96zm48-208a48 48 0 1 0 -96 0 48 48 0 1 0 96 0z"></path>
                                            </svg>
                                            <span color="inherit" class="Typographystyled__Typography-sc-1by6236-0 eWMUii">add to list</span>
                                        </button>
                                    </div>
                                </div>
                                <div data-testid="product-card-container" class="sc-dcecc41d-1 inacKu">
                                    <a class="sc-aec2bbd8-0 goNaNy sc-dcecc41d-0 fBmNkX" href="/product/fresh-organic-white-seedless-grapes/320229">
                                        <div class="sc-dcecc41d-3 fobvDD">
                                            <div class="sc-dcecc41d-6 jpTIke">
                                                <span color="white" class="Typographystyled__Typography-sc-1by6236-0 gChGmD">Out of stock</span>
                                            </div>
                                            <div class="sc-dcecc41d-7 ifAyuA">
                                                <div data-testid="productCardImage" class="sc-9d45f00f-1 gefqin">
                                                    <img loading="lazy" src="https://images.heb.com/is/image/HEBGrocery/000320229-1?hei=416&amp;wid=416&amp;defaultimage=CentralMarketLogo_t750x550" aria-label="product image of Fresh Organic White Seedless Grapes" width="416" class="sc-9d45f00f-0 isjpEI"/>
                                                </div>
                                            </div>
                                        </div>
                                    </a>
                                    <div class="sc-dcecc41d-5 laYwjn">
                                        <div data-testid="pdp-price" class="sc-fee43095-0 eHbBoZ">
                                            <span class="Typographystyled__Typography-sc-1by6236-0 gbsXyt sc-fee43095-1 eXMKIX">$7.16
                                            <!-- -->
                                            <!-- -->
                                            ea</span>
                                        </div>
                                        <a class="sc-aec2bbd8-0 goNaNy sc-dcecc41d-0 fBmNkX" href="/product/fresh-organic-white-seedless-grapes/320229">
                                            <span data-testid="productCardTitle" class="Typographystyled__Typography-sc-1by6236-0 iaVbLh">Fresh Organic White Seedless Grapes</span>
                                        </a>
                                        <div data-testid="product-eawt-info" class="sc-b8807e3a-0 gaIkre">
                                            <div class="sc-b8807e3a-1 mflCu">
                                                <div class="GlobalStyleWrapperstyled__GlobalStyleWrapper-sc-gg5ed3-0 Tagstyled__TagWrapper-sc-yr57by-0 bZmixu kzHTmh">
                                                    <span color="#2B2B2C" class="Typographystyled__Typography-sc-1by6236-0 iaVbLh">Avg. 1.8 lb</span>
                                                </div>
                                                <span class="Typographystyled__Typography-sc-1by6236-0 iaVbLh">$3.98 / lb</span>
                                            </div>
                                        </div>
                                    </div>
                                    <div class="sc-dcecc41d-4 gAOtNW">
                                        <div data-testid="addToCartButton" data-analytics-id="add-to-cart-group" class="sc-14d9bbe-6 iDQyvk">
                                            <div>
                                                <div data-analytics-id="add-to-cart-button" class="sc-14d9bbe-2 juOpgc">
                                                    <button style="width:100%" data-testid="out-of-stock-btn" class="GlobalStyleWrapperstyled__GlobalStyleWrapper-sc-gg5ed3-0 Core__Flex-sc-1a2z39r-0 Buttonstyled__Button-sc-17hrfrr-0 bZmixu PVisF hhfOhM">
                                                        <span color="inherit" class="Typographystyled__Typography-sc-1by6236-0 eWMUii">Find Similar</span>
                                                    </button>
                                                </div>
                                            </div>
                                        </div>
                                        <div class="sc-14d9bbe-4 heCQab"></div>
                                        <button data-testid="add-to-list-button" class="GlobalStyleWrapperstyled__GlobalStyleWrapper-sc-gg5ed3-0 Core__Flex-sc-1a2z39r-0 Buttonstyled__Button-sc-17hrfrr-0 bZmixu PVisF jLZhDm">
                                            <svg aria-hidden="true" focusable="false" data-prefix="fas" data-icon="list-ul" class="svg-inline--fa fa-list-ul " role="img" xmlns="http://www.w3.org/2000/svg" viewBox="0 0 512 512" font-size="16px" name="list-ul">
                                                <path fill="currentColor" d="M64 144a48 48 0 1 0 0-96 48 48 0 1 0 0 96zM192 64c-17.7 0-32 14.3-32 32s14.3 32 32 32l288 0c17.7 0 32-14.3 32-32s-14.3-32-32-32L192 64zm0 160c-17.7 0-32 14.3-32 32s14.3 32 32 32l288 0c17.7 0 32-14.3 32-32s-14.3-32-32-32l-288 0zm0 160c-17.7 0-32 14.3-32 32s14.3 32 32 32l288 0c17.7 0 32-14.3 32-32s-14.3-32-32-32l-288 0zM64 464a48 48 0 1 0 0-96 48 48 0 1 0 0 96zm48-208a48 48 0 1 0 -96 0 48 48 0 1 0 96 0z"></path>
                                            </svg>
                                            <span color="inherit" class="Typographystyled__Typography-sc-1by6236-0 eWMUii">add to list</span>
                                        </button>
                                    </div>
                                </div>
                            </div>
                            <div class="sc-7c5d98ef-0 bEzPxW">
                                <div class="sc-7c5d98ef-2 PXZJw">
                                    <span class="Typographystyled__Typography-sc-1by6236-0 imSyTu">60 of 265 results</span>
                                </div>
                                <button class="GlobalStyleWrapperstyled__GlobalStyleWrapper-sc-gg5ed3-0 Core__Flex-sc-1a2z39r-0 Buttonstyled__Button-sc-17hrfrr-0 bZmixu PVisF btMTpe sc-7c5d98ef-3 kHaMnW">
                                    <span color="inherit" class="Typographystyled__Typography-sc-1by6236-0 eWMUii">load more products</span>
                                </button>
                                <button class="GlobalStyleWrapperstyled__GlobalStyleWrapper-sc-gg5ed3-0 Core__Flex-sc-1a2z39r-0 Buttonstyled__Button-sc-17hrfrr-0 bZmixu PVisF gHIais sc-7c5d98ef-1 bzdQSD">
                                    <span color="inherit" class="Typographystyled__Typography-sc-1by6236-0 eWMUii">back to top</span>
                                    <svg aria-hidden="true" focusable="false" data-prefix="fas" data-icon="arrow-up" class="svg-inline--fa fa-arrow-up " role="img" xmlns="http://www.w3.org/2000/svg" viewBox="0 0 384 512" font-size="16px" name="arrow-up">
                                        <path fill="currentColor" d="M214.6 41.4c-12.5-12.5-32.8-12.5-45.3 0l-160 160c-12.5 12.5-12.5 32.8 0 45.3s32.8 12.5 45.3 0L160 141.2 160 448c0 17.7 14.3 32 32 32s32-14.3 32-32l0-306.7L329.4 246.6c12.5 12.5 32.8 12.5 45.3 0s12.5-32.8 0-45.3l-160-160z"></path>
                                    </svg>
                                </button>
                            </div>
                        </div>
                    </div>
                </main>
                <footer class="sc-c6ec7b5f-1 buaCFA">
                    <div class="sc-c6ec7b5f-2 lmPLVa">
                        <div class="sc-4a5737ad-0 bKArHS">
                            <div class="sc-c6ec7b5f-10 ixsfqU"></div>
                            <div></div>
                        </div>
                        <hr class="sc-c6ec7b5f-0 bTLJEH"/>
                        <div class="sc-4a5737ad-1 jUJipG">
                            <div class="sc-c6ec7b5f-5 jAOIwK">
                                <div class="sc-c6ec7b5f-6 lfJchM">
                                    <a data-testid="footer-conditional-wrap-link" href="/about-us">
                                        <h2 class="sc-c6ec7b5f-7 clLPIa">About Us</h2>
                                    </a>
                                    <ul class="sc-c6ec7b5f-4 bYULR">
                                        <li data-testid="footer-link" class="sc-c6ec7b5f-3 kfnnmj">
                                            <a href="/locations">Locations &amp;Hours</a>
                                        </li>
                                        <li data-testid="footer-link" class="sc-c6ec7b5f-3 kfnnmj">
                                            <a href="/news">News</a>
                                        </li>
                                        <li data-testid="footer-link" class="sc-c6ec7b5f-3 kfnnmj">
                                            <a href="/careers">Careers</a>
                                        </li>
                                        <li data-testid="footer-link" class="sc-c6ec7b5f-3 kfnnmj">
                                            <a href="/community">Community</a>
                                        </li>
                                    </ul>
                                </div>
                                <div class="sc-c6ec7b5f-6 dzdKlC">
                                    <h2 class="sc-c6ec7b5f-7 clLPIa">Business &amp;Services</h2>
                                    <ul class="sc-c6ec7b5f-4 bYULR">
                                        <li data-testid="footer-link" class="sc-c6ec7b5f-3 kfnnmj">
                                            <a href="http://centralmarket.com/credit">Central Market Credit Card</a>
                                        </li>
                                        <li data-testid="footer-link" class="sc-c6ec7b5f-3 kfnnmj">
                                            <a href="/gift-cards">Gift Cards</a>
                                        </li>
                                        <li data-testid="footer-link" class="sc-c6ec7b5f-3 kfnnmj">
                                            <a href="/potential-suppliers">Potential Suppliers</a>
                                        </li>
                                    </ul>
                                </div>
                                <div class="sc-c6ec7b5f-6 ldmtiB">
                                    <h2 class="sc-c6ec7b5f-7 clLPIa">Customer Service</h2>
                                    <ul class="sc-c6ec7b5f-4 bYULR">
                                        <li data-testid="footer-link" class="sc-c6ec7b5f-3 kfnnmj">
                                            <a href="/faqs">Help &amp;FAQ</a>
                                        </li>
                                        <li data-testid="footer-link" class="sc-c6ec7b5f-3 kfnnmj">
                                            <a href="/contact-us">Contact Us</a>
                                        </li>
                                        <li data-testid="footer-link" class="sc-c6ec7b5f-3 kfnnmj">
                                            <a href="/accessibility-statement">Accessibility Statement</a>
                                        </li>
                                    </ul>
                                </div>
                            </div>
                        </div>
                        <div class="sc-4a5737ad-2 goJuwc">
                            <h2 class="sc-c6ec7b5f-7 clLPIa">Connect with us</h2>
                            <div class="sc-34b9595c-0 eHHoYW"></div>
                            <a href="https://www.instagram.com/central_market/" target="_blank" rel="noopener noreferrer" class="sc-c6ec7b5f-11 cKqnoR">
                                <img height="24px" src="/assets/icons/social/Instagram.svg" alt="Instagram Icon"/>
                            </a>
                            <a href="https://www.facebook.com/Central-Market-23298700957/" target="_blank" rel="noopener noreferrer" class="sc-c6ec7b5f-11 cKqnoR">
                                <img height="24px" src="/assets/icons/social/Facebook.svg" alt="Facebook Icon"/>
                            </a>
                            <a href="https://twitter.com/centralmarket" target="_blank" rel="noopener noreferrer" class="sc-c6ec7b5f-11 cKqnoR">
                                <img height="24px" src="/assets/icons/social/Twitter.svg" alt="Twitter Icon"/>
                            </a>
                            <a href="https://www.youtube.com/user/centralmarketonline" target="_blank" rel="noopener noreferrer" class="sc-c6ec7b5f-11 cKqnoR">
                                <img height="24px" src="/assets/icons/social/Youtube.svg" alt="YouTube Icon"/>
                            </a>
                        </div>
                        <div class="sc-4a5737ad-3 dUKXlX">
                            <h2 class="sc-c6ec7b5f-9 fsiTUz">Add your email for exclusive offers!</h2>
                            <div class="sc-c6ec7b5f-8 lbYKgm">
                                <div class="sc-78648427-3 hpmcnD">
                                    <input id="email" type="text" placeholder="Add your email" maxLength="254" class="sc-78648427-0 fGpIXT" value=""/>
                                    <button type="submit" variant="cta" class="sc-144a0154-0 dCgfAJ sc-78648427-4 fMcxAf" tabindex="0">Sign Up</button>
                                </div>
                            </div>
                        </div>
                        <div class="sc-4a5737ad-4 leSrVK">
                            <a href="https://apps.apple.com/us/app/central-market-by-h-e-b/id1527554431" target="_blank" rel="noopener noreferrer" class="sc-c6ec7b5f-11 cKqnoR">
                                <img src="/assets/images/app-store.svg" alt="App Store"/>
                            </a>
                            <a href="https://play.google.com/store/apps/details?id=com.heb.centralmarket" target="_blank" rel="noopener noreferrer" class="sc-c6ec7b5f-11 cKqnoR">
                                <img src="/assets/images/google-play.svg" alt="Google Play"/>
                            </a>
                        </div>
                    </div>
                    <div class="sc-d9fac61a-0 ktYIjD">
                        <div class="sc-d9fac61a-5 hTMmON">
                            <div class="sc-d9fac61a-3 iKhJmN">
                                <img alt="privacy options" loading="lazy" width="20" height="11" decoding="async" data-nimg="1" class="sc-d9fac61a-8 jnOLQi" style="color:transparent" src="/assets/icons/privacyoptions.svg"/>
                                <a tabindex="0" class="Typographystyled__Typography-sc-1by6236-0 iaVbLh sc-d9fac61a-1 FUTWs ot-sdk-show-settings">Your Privacy Choices</a>
                            </div>
                            <a href="/privacy-policy" class="Typographystyled__Typography-sc-1by6236-0 iaVbLh TextLinkstyled__TextLink-sc-i9deul-0 bUiYOc sc-d9fac61a-2 qTJXo">Privacy Policy</a>
                            <a href="/terms-and-conditions" class="Typographystyled__Typography-sc-1by6236-0 iaVbLh TextLinkstyled__TextLink-sc-i9deul-0 bUiYOc sc-d9fac61a-2 qTJXo">Terms &amp;Conditions</a>
                        </div>
                        <div class="sc-d9fac61a-7 jQnEUB">|</div>
                        <span class="Typographystyled__Typography-sc-1by6236-0 iaVbLh sc-d9fac61a-6 jQZYLd">Copyright 2001-
                        <!-- -->
                        2025
                        <!-- -->
                        HEB. 
                        <!-- -->
                        Central Market
                        <!-- -->
                        Division</span>
                    </div>
                </footer>
            </div>
        </div>
        <script id="__NEXT_DATA__" type="application/json">
            {
                "props": {
                    "pageProps": {
                        "category": {
                            "id": "483627",
                            "name": "Fruit",
                            "nameSlug": "Fruit",
                            "idPath": "483475.483627",
                            "selected": true,
                            "parentIdPath": "483475",
                            "categories": [
                                {
                                    "id": "483629",
                                    "name": "Apples",
                                    "nameSlug": "Apples",
                                    "idPath": "483475.483627.483629",
                                    "selected": false,
                                    "parentIdPath": "483475.483627"
                                },
                                {
                                    "id": "483630",
                                    "name": "Bananas",
                                    "nameSlug": "Bananas",
                                    "idPath": "483475.483627.483630",
                                    "selected": false,
                                    "parentIdPath": "483475.483627"
                                },
                                {
                                    "id": "483631",
                                    "name": "Berries",
                                    "nameSlug": "Berries",
                                    "idPath": "483475.483627.483631",
                                    "selected": false,
                                    "parentIdPath": "483475.483627"
                                },
                                {
                                    "id": "1179939",
                                    "name": "Citrus",
                                    "nameSlug": "Citrus",
                                    "idPath": "483475.483627.1179939",
                                    "selected": false,
                                    "parentIdPath": "483475.483627",
                                    "categories": [
                                        {
                                            "id": "1179942",
                                            "name": "Grapefruit",
                                            "nameSlug": "Grapefruit",
                                            "idPath": "483475.483627.1179939.1179942",
                                            "selected": false,
                                            "parentIdPath": "483475.483627.1179939"
                                        },
                                        {
                                            "id": "1179940",
                                            "name": "Lemons",
                                            "nameSlug": "Lemons",
                                            "idPath": "483475.483627.1179939.1179940",
                                            "selected": false,
                                            "parentIdPath": "483475.483627.1179939"
                                        },
                                        {
                                            "id": "1179941",
                                            "name": "Limes",
                                            "nameSlug": "Limes",
                                            "idPath": "483475.483627.1179939.1179941",
                                            "selected": false,
                                            "parentIdPath": "483475.483627.1179939"
                                        },
                                        {
                                            "id": "1179944",
                                            "name": "Oranges",
                                            "nameSlug": "Oranges",
                                            "idPath": "483475.483627.1179939.1179944",
                                            "selected": false,
                                            "parentIdPath": "483475.483627.1179939"
                                        }
                                    ]
                                },
                                {
                                    "id": "483633",
                                    "name": "Grapes",
                                    "nameSlug": "Grapes",
                                    "idPath": "483475.483627.483633",
                                    "selected": false,
                                    "parentIdPath": "483475.483627"
                                },
                                {
                                    "id": "483634",
                                    "name": "Melons",
                                    "nameSlug": "Melons",
                                    "idPath": "483475.483627.483634",
                                    "selected": false,
                                    "parentIdPath": "483475.483627"
                                },
                                {
                                    "id": "483635",
                                    "name": "Pears",
                                    "nameSlug": "Pears",
                                    "idPath": "483475.483627.483635",
                                    "selected": false,
                                    "parentIdPath": "483475.483627"
                                },
                                {
                                    "id": "1179949",
                                    "name": "Pre-Cut",
                                    "nameSlug": "Pre-Cut",
                                    "idPath": "483475.483627.1179949",
                                    "selected": false,
                                    "parentIdPath": "483475.483627"
                                },
                                {
                                    "id": "1179945",
                                    "name": "Stone Fruit",
                                    "nameSlug": "Stone Fruit",
                                    "idPath": "483475.483627.1179945",
                                    "selected": false,
                                    "parentIdPath": "483475.483627",
                                    "categories": [
                                        {
                                            "id": "1179948",
                                            "name": "Apricots \u0026 Plums",
                                            "nameSlug": "Apricots \u0026 Plums",
                                            "idPath": "483475.483627.1179945.1179948",
                                            "selected": false,
                                            "parentIdPath": "483475.483627.1179945"
                                        },
                                        {
                                            "id": "1179946",
                                            "name": "Cherries",
                                            "nameSlug": "Cherries",
                                            "idPath": "483475.483627.1179945.1179946",
                                            "selected": false,
                                            "parentIdPath": "483475.483627.1179945"
                                        },
                                        {
                                            "id": "1179947",
                                            "name": "Nectarines \u0026 Peaches",
                                            "nameSlug": "Nectarines \u0026 Peaches",
                                            "idPath": "483475.483627.1179945.1179947",
                                            "selected": false,
                                            "parentIdPath": "483475.483627.1179945"
                                        }
                                    ]
                                },
                                {
                                    "id": "1179951",
                                    "name": "Tropical \u0026 Specialty",
                                    "nameSlug": "Tropical \u0026 Specialty",
                                    "idPath": "483475.483627.1179951",
                                    "selected": false,
                                    "parentIdPath": "483475.483627"
                                }
                            ]
                        },
                        "pageNumber": 1,
                        "categoryIdPath": "483475.483627",
                        "searchOffer": null,
                        "userInfo": {
                            "state": "hot",
                            "firstName": "Andrew",
                            "lastName": "Dyar",
                            "email": "andrewdyar32@gmail.com",
                            "uid": "10182a1545846e96fec8c46652731662",
                            "userId": "359585951"
                        },
                        "dataLayerProps": {
                            "storeId": 61,
                            "fulfillmentMethod": "curbside",
                            "customer": {
                                "loggedIn": "logged in",
                                "sessionId": "hTZd4DXnH99Mx-Bm5uU23",
                                "securityStatus": "hot",
                                "hitId": 1764458553,
                                "registeredState": "authenticated customer",
                                "id": "10182a1545846e96fec8c46652731662",
                                "zip": ""
                            },
                            "event": "e_vpv",
                            "cart": {
                                "id": 1836693
                            }
                        },
                        "seoOverrides": {
                        },
                        "searchOfferV2": null,
                        "queryClientState": {
                            "mutations": [
                            ],
                            "queries": [
                                {
                                    "dehydratedAt": 1764458553393,
                                    "state": {
                                        "data": {
                                            "active": true,
                                            "address": "4001 NORTH LAMAR",
                                            "city": "AUSTIN",
                                            "name": "Central Market North Lamar",
                                            "nickname": "Austin North Lamar",
                                            "state": "TX",
                                            "storeId": 61,
                                            "storeNumber": 61,
                                            "zip": "78756-3733",
                                            "fulfillmentType": "pickup",
                                            "shoppable": "YES",
                                            "isShoppablePage": true,
                                            "isDefaultStoreConfirmed": true,
                                            "offerPreviewEnabled": false
                                        },
                                        "dataUpdateCount": 1,
                                        "dataUpdatedAt": 1764458552614,
                                        "error": null,
                                        "errorUpdateCount": 0,
                                        "errorUpdatedAt": 0,
                                        "fetchFailureCount": 0,
                                        "fetchFailureReason": null,
                                        "fetchMeta": null,
                                        "isInvalidated": false,
                                        "status": "success",
                                        "fetchStatus": "idle"
                                    },
                                    "queryKey": [
                                        "global-state"
                                    ],
                                    "queryHash": "[\"global-state\"]"
                                },
                                {
                                    "dehydratedAt": 1764458553393,
                                    "state": {
                                        "data": [
                                            "tdoEnabled",
                                            "shoppingListsEnabled",
                                            "recipesNavigation",
                                            "tdpsaPrivacyChoices",
                                            "gifting",
                                            "giftCards"
                                        ],
                                        "dataUpdateCount": 1,
                                        "dataUpdatedAt": 1764458552632,
                                        "error": null,
                                        "errorUpdateCount": 0,
                                        "errorUpdatedAt": 0,
                                        "fetchFailureCount": 0,
                                        "fetchFailureReason": null,
                                        "fetchMeta": null,
                                        "isInvalidated": false,
                                        "status": "success",
                                        "fetchStatus": "idle"
                                    },
                                    "queryKey": [
                                        "getFeatureFlags"
                                    ],
                                    "queryHash": "[\"getFeatureFlags\"]"
                                },
                                {
                                    "dehydratedAt": 1764458553393,
                                    "state": {
                                        "data": {
                                            "sys": {
                                                "type": "Array"
                                            },
                                            "total": 1,
                                            "skip": 0,
                                            "limit": 10,
                                            "items": [
                                                {
                                                    "metadata": {
                                                        "tags": [
                                                        ],
                                                        "concepts": [
                                                        ]
                                                    },
                                                    "sys": {
                                                        "space": {
                                                            "sys": {
                                                                "type": "Link",
                                                                "linkType": "Space",
                                                                "id": "nh7msa7pcdvp"
                                                            }
                                                        },
                                                        "id": "13uHYW0gNQyRSFtKibkbBT",
                                                        "type": "Entry",
                                                        "createdAt": "2024-01-26T13:02:10.846Z",
                                                        "updatedAt": "2024-01-26T13:02:10.846Z",
                                                        "environment": {
                                                            "sys": {
                                                                "id": "master",
                                                                "type": "Link",
                                                                "linkType": "Environment"
                                                            }
                                                        },
                                                        "publishedVersion": 23,
                                                        "revision": 1,
                                                        "contentType": {
                                                            "sys": {
                                                                "type": "Link",
                                                                "linkType": "ContentType",
                                                                "id": "giftingConfigurations"
                                                            }
                                                        },
                                                        "locale": "en-US"
                                                    },
                                                    "fields": {
                                                        "name": "CM",
                                                        "giftinfoModalText": [
                                                            "Add the recipients address and set up a time",
                                                            "Products \u0026 prices will be hidden from gift recipient",
                                                            "Personalize your gift with a note at checkout",
                                                            "No account required for gift recipient!"
                                                        ]
                                                    }
                                                }
                                            ]
                                        },
                                        "dataUpdateCount": 1,
                                        "dataUpdatedAt": 1764458552678,
                                        "error": null,
                                        "errorUpdateCount": 0,
                                        "errorUpdatedAt": 0,
                                        "fetchFailureCount": 0,
                                        "fetchFailureReason": null,
                                        "fetchMeta": null,
                                        "isInvalidated": false,
                                        "status": "success",
                                        "fetchStatus": "idle"
                                    },
                                    "queryKey": [
                                        "giftingConfigurations"
                                    ],
                                    "queryHash": "[\"giftingConfigurations\"]"
                                },
                                {
                                    "dehydratedAt": 1764458553393,
                                    "state": {
                                        "data": {
                                            "__typename": "TimeslotConfiguration",
                                            "numberOfDaysToDisplayTimeslotsFor": 7
                                        },
                                        "dataUpdateCount": 1,
                                        "dataUpdatedAt": 1764458552630,
                                        "error": null,
                                        "errorUpdateCount": 0,
                                        "errorUpdatedAt": 0,
                                        "fetchFailureCount": 0,
                                        "fetchFailureReason": null,
                                        "fetchMeta": null,
                                        "isInvalidated": false,
                                        "status": "success",
                                        "fetchStatus": "idle"
                                    },
                                    "queryKey": [
                                        "time-slot-config"
                                    ],
                                    "queryHash": "[\"time-slot-config\"]"
                                },
                                {
                                    "dehydratedAt": 1764458553393,
                                    "state": {
                                        "data": [
                                            {
                                                "__typename": "SearchResultsCategory",
                                                "name": "Fruits \u0026 Vegetables",
                                                "name_slug": "fresh-produce",
                                                "id": "483475",
                                                "thumbnail_url": "https://images.ctfassets.net/nh7msa7pcdvp/6n4WFCa3Gj5qfu7Xl1tdti/f1d5d9319e39f8b6abfadee1240b0814/produce.webp",
                                                "custom_flag": null
                                            },
                                            {
                                                "__typename": "SearchResultsCategory",
                                                "name": "Meat \u0026 Poultry",
                                                "name_slug": "butcher-shop",
                                                "id": "1246473",
                                                "thumbnail_url": "https://images.ctfassets.net/nh7msa7pcdvp/5042ygNfEdEPxoftJFqwXU/32cc8632ceca604f8f2916620bac2ec2/meat.webp",
                                                "custom_flag": null
                                            },
                                            {
                                                "__typename": "SearchResultsCategory",
                                                "name": "Seafood",
                                                "name_slug": "seafood",
                                                "id": "1210269",
                                                "thumbnail_url": "https://images.ctfassets.net/nh7msa7pcdvp/3F9iRaVkWTjN7DDks5VeVs/96550bbe18cef88172b2da584ba64ba7/seafood.webp",
                                                "custom_flag": null
                                            },
                                            {
                                                "__typename": "SearchResultsCategory",
                                                "name": "Grocery \u0026 Staples",
                                                "name_slug": "grocery-and-staples",
                                                "id": "483476",
                                                "thumbnail_url": "https://images.ctfassets.net/nh7msa7pcdvp/5WNQol2QNYWp8VwNNXBMXH/df381899348b15c793cfcfc60ee8d224/grocery.webp",
                                                "custom_flag": null
                                            },
                                            {
                                                "__typename": "SearchResultsCategory",
                                                "name": "Bulk Foods",
                                                "name_slug": "bulk-foods",
                                                "id": "1547011",
                                                "thumbnail_url": "https://images.ctfassets.net/nh7msa7pcdvp/2TlH6rIg3hvrKkmJBpIWrw/abdad54113bc2e6df96d2293ceca944e/bulk.webp",
                                                "custom_flag": null
                                            },
                                            {
                                                "__typename": "SearchResultsCategory",
                                                "name": "Dairy \u0026 Eggs",
                                                "name_slug": "dairy",
                                                "id": "483468",
                                                "thumbnail_url": "https://images.ctfassets.net/nh7msa7pcdvp/7kABNt9kSpxwchxwzVYxyB/fae00208513ccd894c7d6544e3d862c1/dairy.webp",
                                                "custom_flag": null
                                            },
                                            {
                                                "__typename": "SearchResultsCategory",
                                                "name": "Chef Prepared",
                                                "name_slug": "chef-prepared",
                                                "id": "483467",
                                                "thumbnail_url": "https://images.ctfassets.net/nh7msa7pcdvp/1NnCUKduHx6ezAFfzz3duw/515cce5a4e686c04f609e4d784d1b415/chef_prepared.webp",
                                                "custom_flag": null
                                            },
                                            {
                                                "__typename": "SearchResultsCategory",
                                                "name": "Deli",
                                                "name_slug": "deli-meats",
                                                "id": "1309768",
                                                "thumbnail_url": "https://images.ctfassets.net/nh7msa7pcdvp/6Z3aUWXuFp04K6w87Wl8Y6/9a092aab042f3a97188861a5796c6580/deli.webp",
                                                "custom_flag": null
                                            },
                                            {
                                                "__typename": "SearchResultsCategory",
                                                "name": "Cheese",
                                                "name_slug": "cheese",
                                                "id": "483466",
                                                "thumbnail_url": "https://images.ctfassets.net/nh7msa7pcdvp/1sgfScjssCf6aykImm6KlA/164407b533544c3fe4505aa1145ade29/cheese.webp",
                                                "custom_flag": null
                                            },
                                            {
                                                "__typename": "SearchResultsCategory",
                                                "name": "Bakery",
                                                "name_slug": "bakery",
                                                "id": "483465",
                                                "thumbnail_url": "https://images.ctfassets.net/nh7msa7pcdvp/1t9drXkL07x3YVKUXocrjZ/7b2065e02dc75a3e730f8b997f2b53cb/bakery.webp",
                                                "custom_flag": null
                                            },
                                            {
                                                "__typename": "SearchResultsCategory",
                                                "name": "Wine \u0026 Beer",
                                                "name_slug": "beer-and-wine",
                                                "id": "457644",
                                                "thumbnail_url": "https://images.ctfassets.net/nh7msa7pcdvp/65kD1R4cIzEbjlm9S2qmTf/96b72a84bd01180c5f0205aa681a0a7c/winebeer.webp",
                                                "custom_flag": null
                                            },
                                            {
                                                "__typename": "SearchResultsCategory",
                                                "name": "Floral",
                                                "name_slug": "floral",
                                                "id": "1147615",
                                                "thumbnail_url": "https://images.ctfassets.net/nh7msa7pcdvp/prOKrW4IMlojtRzvS4x9l/1d0d2cc198c78f3394ed57f66c6fd2cb/floral.webp",
                                                "custom_flag": null
                                            },
                                            {
                                                "__typename": "SearchResultsCategory",
                                                "name": "Frozen",
                                                "name_slug": "frozen",
                                                "id": "483471",
                                                "thumbnail_url": "https://images.ctfassets.net/nh7msa7pcdvp/2hCjKZrintwXuopPjx6t8f/6ea6ea62336dcc503fadc0be6723e66a/frozen.webp",
                                                "custom_flag": null
                                            },
                                            {
                                                "__typename": "SearchResultsCategory",
                                                "name": "Healthy Living",
                                                "name_slug": "health-and-beauty",
                                                "id": "1329887",
                                                "thumbnail_url": "https://images.ctfassets.net/nh7msa7pcdvp/4wJCdGQw1Zgcxz18qaaZPi/156db6ff5625c72fd8cf03eb541c74d9/health.webp",
                                                "custom_flag": null
                                            },
                                            {
                                                "__typename": "SearchResultsCategory",
                                                "name": "Beverages",
                                                "name_slug": "beverages",
                                                "id": "1174535",
                                                "thumbnail_url": "https://images.ctfassets.net/nh7msa7pcdvp/3DZuoiWtgZDkoRajO6Auqz/3e11785a271dfc8f7cb717c83339749b/beverages.webp",
                                                "custom_flag": null
                                            },
                                            {
                                                "__typename": "SearchResultsCategory",
                                                "name": "Household",
                                                "name_slug": "household",
                                                "id": "1379429",
                                                "thumbnail_url": "https://images.ctfassets.net/nh7msa7pcdvp/6mRN4xdC1XTXiDRaBuKjCq/bf5d0fb8338cbd11d7e13326d4326bd6/mortar.webp",
                                                "custom_flag": null
                                            },
                                            {
                                                "__typename": "SearchResultsCategory",
                                                "name": "Kids \u0026 Baby",
                                                "name_slug": "kids-and-baby",
                                                "id": "1329930",
                                                "thumbnail_url": "https://images.ctfassets.net/nh7msa7pcdvp/6bCLLoXfqHjlZtwfY5K2sE/555112ccff248cdddff70a0ee416d1da/baby.webp",
                                                "custom_flag": null
                                            }
                                        ],
                                        "dataUpdateCount": 1,
                                        "dataUpdatedAt": 1764458552703,
                                        "error": null,
                                        "errorUpdateCount": 0,
                                        "errorUpdatedAt": 0,
                                        "fetchFailureCount": 0,
                                        "fetchFailureReason": null,
                                        "fetchMeta": null,
                                        "isInvalidated": false,
                                        "status": "success",
                                        "fetchStatus": "idle"
                                    },
                                    "queryKey": [
                                        "getRootCategories"
                                    ],
                                    "queryHash": "[\"getRootCategories\"]"
                                },
                                {"dehydratedAt": 1764458553393,
                                "state": {
                                    "data": {
                                        "ebtSelected": false
                                    },
                                    "dataUpdateCount": 1,
                                    "dataUpdatedAt": 1764458552719,
                                    "error": null,
                                    "errorUpdateCount": 0,
                                    "errorUpdatedAt": 0,
                                    "fetchFailureCount": 0,
                                    "fetchFailureReason": null,
                                    "fetchMeta": null,
                                    "isInvalidated": false,
                                    "status": "success",
                                    "fetchStatus": "idle"
                                },
                                "queryKey": [
                                    "customerprofile",
                                    {
                                        "isHolidayMeals": false
                                    }
                                ],
                                "queryHash": "[\"customerprofile\",{\"isHolidayMeals\":false}]"
                            },
                            {
                                "dehydratedAt": 1764458553393,
                                "state": {
                                    "data": {
                                        "fees": [
                                            {
                                                "name": "Personal Shopper Fee",
                                                "price": "$1.28",
                                                "amount": 1.28,
                                                "key": "personalShoppersFee"
                                            }
                                        ],
                                        "displaySubTotal": "$31.97",
                                        "displayTotal": "$33.25",
                                        "total": 33.25,
                                        "subTotal": 31.97,
                                        "promotions": [
                                        ],
                                        "promotionCodes": [
                                        ],
                                        "tax": "$0.00",
                                        "taxTotal": 0,
                                        "items": [
                                            {
                                                "allowSub": false,
                                                "availableItem": null,
                                                "availableForTimeslot": true,
                                                "nextAvailableTime": null,
                                                "restrictions": {
                                                    "nextAvailableTime": null,
                                                    "error": {
                                                        "code": null,
                                                        "message": null
                                                    }
                                                },
                                                "averageWeight": 18,
                                                "cartItemId": 51727610,
                                                "imageUrl": "https://images.heb.com/is/image/HEBGrocery/010232017-1",
                                                "isAvailable": true,
                                                "isSnapEligible": true,
                                                "maximumQuantity": 20,
                                                "minimumQuantity": 1,
                                                "new": false,
                                                "on_ad": false,
                                                "orderIncrement": 1,
                                                "priceDescription": "$16.99 ea",
                                                "priceUom": "ea",
                                                "productId": "10232017",
                                                "quantity": 0,
                                                "sellingUom": "EACH",
                                                "sku": "86000817873",
                                                "title": "Kimbala Chai Concentrate, 18 oz",
                                                "totalPrice": "$16.99",
                                                "unitPrice": 16.99,
                                                "unitQuantity": 1,
                                                "uom": "ounce",
                                                "userComment": null,
                                                "isAddon": null,
                                                "categoryPath": [
                                                    {
                                                        "id": 1174535,
                                                        "name": "Beverages",
                                                        "idPath": "1174535"
                                                    },
                                                    {
                                                        "id": 1174541,
                                                        "name": "Cold Brew \u0026 Iced Coffee",
                                                        "idPath": "1174535.1174541"
                                                    }
                                                ],
                                                "brand": "Kimbala",
                                                "ownBrand": false,
                                                "amount": 16.99,
                                                "soldBy": "EACH",
                                                "variation": {
                                                },
                                                "consolidatedPreferences": null,
                                                "consolidatedComponents": null,
                                                "productBadge": null
                                            },
                                            {
                                                "allowSub": true,
                                                "availableItem": null,
                                                "availableForTimeslot": true,
                                                "nextAvailableTime": null,
                                                "restrictions": {
                                                    "nextAvailableTime": null,
                                                    "error": {
                                                        "code": null,
                                                        "message": null
                                                    }
                                                },
                                                "averageWeight": 0.5,
                                                "cartItemId": 65459909,
                                                "imageUrl": "https://images.heb.com/is/image/HEBGrocery/013480511-1",
                                                "isAvailable": true,
                                                "isSnapEligible": true,
                                                "maximumQuantity": 20,
                                                "minimumQuantity": 1,
                                                "new": false,
                                                "on_ad": true,
                                                "orderIncrement": 1,
                                                "priceDescription": "Avg. 0.5 lb ea @ $14.99 lb",
                                                "priceUom": "ea",
                                                "productId": "13480511",
                                                "quantity": 0.5,
                                                "sellingUom": "EAWT",
                                                "sku": "29016300000",
                                                "title": "Central Market Sweet Chili Thai Marinated Salmon Fillet",
                                                "totalPrice": "$7.49",
                                                "unitPrice": 7.49,
                                                "unitQuantity": 1,
                                                "uom": "lb",
                                                "userComment": null,
                                                "isAddon": null,
                                                "categoryPath": [
                                                    {
                                                        "id": 1210269,
                                                        "name": "Seafood",
                                                        "idPath": "1210269"
                                                    },
                                                    {
                                                        "id": 1210283,
                                                        "name": "Fish",
                                                        "idPath": "1210269.1210283"
                                                    },
                                                    {
                                                        "id": 1210284,
                                                        "name": "Salmon",
                                                        "idPath": "1210269.1210283.1210284"
                                                    },
                                                    {
                                                        "id": 1210286,
                                                        "name": "Marinated \u0026 Prepped",
                                                        "idPath": "1210269.1210283.1210284.1210286"
                                                    }
                                                ],
                                                "brand": "Central Market",
                                                "ownBrand": true,
                                                "amount": 7.49,
                                                "soldBy": "EAWT",
                                                "variation": {
                                                },
                                                "consolidatedPreferences": null,
                                                "consolidatedComponents": null,
                                                "productBadge": {
                                                    "imageUrl": "//images.ctfassets.net/nh7msa7pcdvp/3wfms1ejoUZTRY04xjlYIg/408f7b490a1318b670e686a3995fd87b/cm_savor.webp",
                                                    "key": "ON_AD"
                                                }
                                            },
                                            {
                                                "allowSub": true,
                                                "availableItem": null,
                                                "availableForTimeslot": true,
                                                "nextAvailableTime": null,
                                                "restrictions": {
                                                    "nextAvailableTime": null,
                                                    "error": {
                                                        "code": null,
                                                        "message": null
                                                    }
                                                },
                                                "averageWeight": 0.5,
                                                "cartItemId": 65459988,
                                                "imageUrl": "https://images.heb.com/is/image/HEBGrocery/013996512-1",
                                                "isAvailable": true,
                                                "isSnapEligible": true,
                                                "maximumQuantity": 20,
                                                "minimumQuantity": 1,
                                                "new": false,
                                                "on_ad": false,
                                                "orderIncrement": 1,
                                                "priceDescription": "Avg. 0.5 lb ea @ $14.99 lb",
                                                "priceUom": "ea",
                                                "productId": "13996512",
                                                "quantity": 0.5,
                                                "sellingUom": "EAWT",
                                                "sku": "29049900000",
                                                "title": "Central Market Caribbean Mango Marinated Salmon",
                                                "totalPrice": "$7.49",
                                                "unitPrice": 7.49,
                                                "unitQuantity": 1,
                                                "uom": "lb",
                                                "userComment": null,
                                                "isAddon": null,
                                                "categoryPath": [
                                                    {
                                                        "id": 1210269,
                                                        "name": "Seafood",
                                                        "idPath": "1210269"
                                                    },
                                                    {
                                                        "id": 1210283,
                                                        "name": "Fish",
                                                        "idPath": "1210269.1210283"
                                                    },
                                                    {
                                                        "id": 1210284,
                                                        "name": "Salmon",
                                                        "idPath": "1210269.1210283.1210284"
                                                    },
                                                    {
                                                        "id": 1210286,
                                                        "name": "Marinated \u0026 Prepped",
                                                        "idPath": "1210269.1210283.1210284.1210286"
                                                    }
                                                ],
                                                "brand": "Central Market",
                                                "ownBrand": true,
                                                "amount": 7.49,
                                                "soldBy": "EAWT",
                                                "variation": {
                                                },
                                                "consolidatedPreferences": null,
                                                "consolidatedComponents": null,
                                                "productBadge": {
                                                    "imageUrl": "//images.ctfassets.net/nh7msa7pcdvp/10CWJCLFw4y7wXDNUX3XGy/54d3bf48f4cd7b73bc49bbcf92ebc35a/cm_sale.webp",
                                                    "key": "ON_SALE"
                                                }
                                            }
                                        ],
                                        "timeslot": null,
                                        "ebtActive": false,
                                        "ebtCharges": 0,
                                        "creditCardCharges": 33.25,
                                        "ebtEligibleTotal": 31.97,
                                        "displayEbtEligibleTotal": "$31.97",
                                        "ebtIneligibleTotal": 0,
                                        "displayEbtIneligibleTotal": "$0.00",
                                        "ebtBalance": {
                                            "balance": null,
                                            "updatedAt": null
                                        },
                                        "ebtPaymentAlias": null,
                                        "containsAlcohol": false,
                                        "tipOptions": [
                                        ],
                                        "tipAmount": null,
                                        "itemCount": 3,
                                        "promoTotal": {
                                            "amount": 0,
                                            "price": "$0.00"
                                        },
                                        "fulfillmentType": null,
                                        "allCarts": {
                                            "all_item_count": 3,
                                            "curbside": {
                                                "item_count": 3
                                            },
                                            "holiday-hotline": {
                                                "item_count": 0
                                            }
                                        },
                                        "giftLastFour": null,
                                        "giftCardAmount": null,
                                        "giftCardCharges": 0,
                                        "openOrders": [
                                        ],
                                        "isAddOnEligible": false,
                                        "id": 1836693,
                                        "ok": true,
                                        "status": 200
                                    },
                                    "dataUpdateCount": 1,
                                    "dataUpdatedAt": 1764458552824,
                                    "error": null,
                                    "errorUpdateCount": 0,
                                    "errorUpdatedAt": 0,
                                    "fetchFailureCount": 0,
                                    "fetchFailureReason": null,
                                    "fetchMeta": null,
                                    "isInvalidated": false,
                                    "status": "success",
                                    "fetchStatus": "idle"
                                },
                                "queryKey": [
                                    "cartprovider",
                                    61,
                                    false,
                                    null,
                                    true,
                                    false,
                                    false
                                ],
                                "queryHash": "[\"cartprovider\",61,false,null,true,false,false]"
                            },
                            {
                                "dehydratedAt": 1764458553393,
                                "state": {
                                    "data": {
                                        "state": "hot",
                                        "firstName": "Andrew",
                                        "lastName": "Dyar",
                                        "email": "andrewdyar32@gmail.com",
                                        "uid": "10182a1545846e96fec8c46652731662",
                                        "userId": "359585951"
                                    },
                                    "dataUpdateCount": 1,
                                    "dataUpdatedAt": 1764458552721,
                                    "error": null,
                                    "errorUpdateCount": 0,
                                    "errorUpdatedAt": 0,
                                    "fetchFailureCount": 0,
                                    "fetchFailureReason": null,
                                    "fetchMeta": null,
                                    "isInvalidated": false,
                                    "status": "success",
                                    "fetchStatus": "idle"
                                },
                                "queryKey": [
                                    "userInfo"
                                ],
                                "queryHash": "[\"userInfo\"]"
                            },
                            {
                                "dehydratedAt": 1764458553393,
                                "state": {
                                    "data": {
                                        "store": {
                                            "store_address": "4477 S. LAMAR BLVD",
                                            "store_number": 420
                                        },
                                        "subscriber_key": "CM-928553347",
                                        "first_name": "Andrew",
                                        "last_name": "Dyar",
                                        "email": "andrewdyar32@gmail.com",
                                        "zip_code": "",
                                        "sms_opt_in": false,
                                        "mobile_phone": "",
                                        "vendor_id": "",
                                        "ad_id": "",
                                        "subscriptions": [
                                            {
                                                "id": "cm_cooking_school",
                                                "description": "There's always something new to learn in our classes, taught by our cooking school staff, featured instructors, and celebrity chefs from around the world.",
                                                "name": "Cooking School Emails",
                                                "is_subscribed": false
                                            },
                                            {
                                                "id": "cm_weekly_savor",
                                                "description": "Get weekly updates on all the latest tasty trends, weekly specials, and more going on at your local Central Market.",
                                                "name": "Weekly Savor Emails",
                                                "is_subscribed": false
                                            },
                                            {
                                                "id": "cm_festivals",
                                                "description": "Need some delicious inspiration? Don't miss anything that happens during our signature events like Hatch Fest, Wine Week, Passport, and more.",
                                                "name": "Festival Emails",
                                                "is_subscribed": false
                                            },
                                            {
                                                "id": "cm_wine",
                                                "description": "Central Market Uncorked. Keep up with the latest wine releases, special buys, wine sales, and tasting events. Cheers!",
                                                "name": "Wine Uncorked Emails",
                                                "is_subscribed": false
                                            }
                                        ],
                                        "ok": true,
                                        "status": 200
                                    },
                                    "dataUpdateCount": 1,
                                    "dataUpdatedAt": 1764458552809,
                                    "error": null,
                                    "errorUpdateCount": 0,
                                    "errorUpdatedAt": 0,
                                    "fetchFailureCount": 0,
                                    "fetchFailureReason": null,
                                    "fetchMeta": null,
                                    "isInvalidated": false,
                                    "status": "success",
                                    "fetchStatus": "idle"
                                },
                                "queryKey": [
                                    "sfmcCustomerAccountDetails"
                                ],
                                "queryHash": "[\"sfmcCustomerAccountDetails\"]"
                            },
                            {
                                "dehydratedAt": 1764458553393,
                                "state": {
                                    "data": {
                                        "pages": [
                                            {
                                                "facets": [
                                                    {
                                                        "name": "Ways to Shop",
                                                        "id": "Ways to Shop",
                                                        "options": [
                                                            {
                                                                "name": "Snap Eligible",
                                                                "id": "Ways to Shop.snap_eligible",
                                                                "selected": false
                                                            }
                                                        ]
                                                    },
                                                    {
                                                        "name": "Brand",
                                                        "id": "brand",
                                                        "options": [
                                                            {
                                                                "name": "Fresh",
                                                                "id": "brand.Fresh",
                                                                "selected": false
                                                            },
                                                            {
                                                                "name": "Central Market",
                                                                "id": "brand.Central Market",
                                                                "selected": false
                                                            },
                                                            {
                                                                "name": "Driscoll's",
                                                                "id": "brand.Driscoll's",
                                                                "selected": false
                                                            },
                                                            {"name": "H-E-B",
                                                            "id": "brand.H-E-B",
                                                            "selected": false
                                                        },
                                                        {
                                                            "name": "Organic",
                                                            "id": "brand.Organic",
                                                            "selected": false
                                                        },
                                                        {
                                                            "name": "Lucy",
                                                            "id": "brand.Lucy",
                                                            "selected": false
                                                        },
                                                        {
                                                            "name": "Green",
                                                            "id": "brand.Green",
                                                            "selected": false
                                                        },
                                                        {
                                                            "name": "Pink",
                                                            "id": "brand.Pink",
                                                            "selected": false
                                                        },
                                                        {
                                                            "name": "Etrog",
                                                            "id": "brand.Etrog",
                                                            "selected": false
                                                        },
                                                        {
                                                            "name": "Oishii",
                                                            "id": "brand.Oishii",
                                                            "selected": false
                                                        },
                                                        {
                                                            "name": "Fresh Cut",
                                                            "id": "brand.Fresh Cut",
                                                            "selected": false
                                                        },
                                                        {
                                                            "name": "Hunnyz",
                                                            "id": "brand.Hunnyz",
                                                            "selected": false
                                                        },
                                                        {
                                                            "name": "Makrut",
                                                            "id": "brand.Makrut",
                                                            "selected": false
                                                        },
                                                        {
                                                            "name": "Yuzu",
                                                            "id": "brand.Yuzu",
                                                            "selected": false
                                                        },
                                                        {
                                                            "name": "Bergamot",
                                                            "id": "brand.Bergamot",
                                                            "selected": false
                                                        },
                                                        {
                                                            "name": "Crab",
                                                            "id": "brand.Crab",
                                                            "selected": false
                                                        },
                                                        {
                                                            "name": "POM Wonderful",
                                                            "id": "brand.POM Wonderful",
                                                            "selected": false
                                                        },
                                                        {
                                                            "name": "Juicy Gems",
                                                            "id": "brand.Juicy Gems",
                                                            "selected": false
                                                        },
                                                        {
                                                            "name": "Bio Dynamic",
                                                            "id": "brand.Bio Dynamic",
                                                            "selected": false
                                                        },
                                                        {
                                                            "name": "H-E-B Mi Tienda",
                                                            "id": "brand.H-E-B Mi Tienda",
                                                            "selected": false
                                                        },
                                                        {
                                                            "name": "Hawaiian",
                                                            "id": "brand.Hawaiian",
                                                            "selected": false
                                                        },
                                                        {
                                                            "name": "H-E-B Organics",
                                                            "id": "brand.H-E-B Organics",
                                                            "selected": false
                                                        },
                                                        {
                                                            "name": "Texas",
                                                            "id": "brand.Texas",
                                                            "selected": false
                                                        },
                                                        {
                                                            "name": "Happi",
                                                            "id": "brand.Happi",
                                                            "selected": false
                                                        },
                                                        {
                                                            "name": "Ruby",
                                                            "id": "brand.Ruby",
                                                            "selected": false
                                                        }
                                                    ]
                                                }
                                            ],
                                            "categoryTree": {
                                                "id": "483475",
                                                "name": "Fruits \u0026 Vegetables",
                                                "nameSlug": "Fruits \u0026 Vegetables",
                                                "idPath": "483475",
                                                "selected": false,
                                                "categories": [
                                                    {
                                                        "id": "483627",
                                                        "name": "Fruit",
                                                        "nameSlug": "Fruit",
                                                        "idPath": "483475.483627",
                                                        "selected": true,
                                                        "parentIdPath": "483475",
                                                        "categories": [
                                                            {
                                                                "id": "483629",
                                                                "name": "Apples",
                                                                "nameSlug": "Apples",
                                                                "idPath": "483475.483627.483629",
                                                                "selected": false,
                                                                "parentIdPath": "483475.483627"
                                                            },
                                                            {
                                                                "id": "483630",
                                                                "name": "Bananas",
                                                                "nameSlug": "Bananas",
                                                                "idPath": "483475.483627.483630",
                                                                "selected": false,
                                                                "parentIdPath": "483475.483627"
                                                            },
                                                            {
                                                                "id": "483631",
                                                                "name": "Berries",
                                                                "nameSlug": "Berries",
                                                                "idPath": "483475.483627.483631",
                                                                "selected": false,
                                                                "parentIdPath": "483475.483627"
                                                            },
                                                            {
                                                                "id": "1179939",
                                                                "name": "Citrus",
                                                                "nameSlug": "Citrus",
                                                                "idPath": "483475.483627.1179939",
                                                                "selected": false,
                                                                "parentIdPath": "483475.483627",
                                                                "categories": [
                                                                    {
                                                                        "id": "1179942",
                                                                        "name": "Grapefruit",
                                                                        "nameSlug": "Grapefruit",
                                                                        "idPath": "483475.483627.1179939.1179942",
                                                                        "selected": false,
                                                                        "parentIdPath": "483475.483627.1179939"
                                                                    },
                                                                    {
                                                                        "id": "1179940",
                                                                        "name": "Lemons",
                                                                        "nameSlug": "Lemons",
                                                                        "idPath": "483475.483627.1179939.1179940",
                                                                        "selected": false,
                                                                        "parentIdPath": "483475.483627.1179939"
                                                                    },
                                                                    {
                                                                        "id": "1179941",
                                                                        "name": "Limes",
                                                                        "nameSlug": "Limes",
                                                                        "idPath": "483475.483627.1179939.1179941",
                                                                        "selected": false,
                                                                        "parentIdPath": "483475.483627.1179939"
                                                                    },
                                                                    {
                                                                        "id": "1179944",
                                                                        "name": "Oranges",
                                                                        "nameSlug": "Oranges",
                                                                        "idPath": "483475.483627.1179939.1179944",
                                                                        "selected": false,
                                                                        "parentIdPath": "483475.483627.1179939"
                                                                    }
                                                                ]
                                                            },
                                                            {
                                                                "id": "483633",
                                                                "name": "Grapes",
                                                                "nameSlug": "Grapes",
                                                                "idPath": "483475.483627.483633",
                                                                "selected": false,
                                                                "parentIdPath": "483475.483627"
                                                            },
                                                            {
                                                                "id": "483634",
                                                                "name": "Melons",
                                                                "nameSlug": "Melons",
                                                                "idPath": "483475.483627.483634",
                                                                "selected": false,
                                                                "parentIdPath": "483475.483627"
                                                            },
                                                            {
                                                                "id": "483635",
                                                                "name": "Pears",
                                                                "nameSlug": "Pears",
                                                                "idPath": "483475.483627.483635",
                                                                "selected": false,
                                                                "parentIdPath": "483475.483627"
                                                            },
                                                            {
                                                                "id": "1179949",
                                                                "name": "Pre-Cut",
                                                                "nameSlug": "Pre-Cut",
                                                                "idPath": "483475.483627.1179949",
                                                                "selected": false,
                                                                "parentIdPath": "483475.483627"
                                                            },
                                                            {
                                                                "id": "1179945",
                                                                "name": "Stone Fruit",
                                                                "nameSlug": "Stone Fruit",
                                                                "idPath": "483475.483627.1179945",
                                                                "selected": false,
                                                                "parentIdPath": "483475.483627",
                                                                "categories": [
                                                                    {
                                                                        "id": "1179948",
                                                                        "name": "Apricots \u0026 Plums",
                                                                        "nameSlug": "Apricots \u0026 Plums",
                                                                        "idPath": "483475.483627.1179945.1179948",
                                                                        "selected": false,
                                                                        "parentIdPath": "483475.483627.1179945"
                                                                    },
                                                                    {
                                                                        "id": "1179946",
                                                                        "name": "Cherries",
                                                                        "nameSlug": "Cherries",
                                                                        "idPath": "483475.483627.1179945.1179946",
                                                                        "selected": false,
                                                                        "parentIdPath": "483475.483627.1179945"
                                                                    },
                                                                    {
                                                                        "id": "1179947",
                                                                        "name": "Nectarines \u0026 Peaches",
                                                                        "nameSlug": "Nectarines \u0026 Peaches",
                                                                        "idPath": "483475.483627.1179945.1179947",
                                                                        "selected": false,
                                                                        "parentIdPath": "483475.483627.1179945"
                                                                    }
                                                                ]
                                                            },
                                                            {
                                                                "id": "1179951",
                                                                "name": "Tropical \u0026 Specialty",
                                                                "nameSlug": "Tropical \u0026 Specialty",
                                                                "idPath": "483475.483627.1179951",
                                                                "selected": false,
                                                                "parentIdPath": "483475.483627"
                                                            }
                                                        ]
                                                    },
                                                    {
                                                        "id": "483718",
                                                        "name": "Vegetables",
                                                        "nameSlug": "Vegetables",
                                                        "idPath": "483475.483718",
                                                        "selected": false,
                                                        "parentIdPath": "483475"
                                                    }
                                                ]
                                            },
                                            "products": [
                                                {
                                                    "alcoholRestricted": false,
                                                    "baseImageUrl": "https://images.heb.com/is/image/HEBGrocery/000377497-1",
                                                    "title": "Fresh Bunch of Bananas (5-7 Bananas)",
                                                    "description": "Appealing for a bunch of reasons, bananas are an easy-to-enjoy fruit thats often used in many baked goods and desserts, from banana muffins to banana pudding. Featuring a bright yellow peel on the outside and a pale yellow edible pulp on the inside, theyre simple to spot if theyre unripe and not ready to eat. If the peel is greenish, wait for a couple days for it to ripen into a sunny yellow color. And when the peel turns brownish and the banana feels soft and squishy, you can use a few to make homemade banana bread.\u003cbr\u003e\u003cbr\u003eMildly sweet with a smooth soft texture, the banana pulp can also be added into smoothies or used whole to make a banana split. Go bananas and pick up a bunch for everyday snacking and baking. There's about 4 - 7 in each bunch.\u003cbr\u003e\u003cbr\u003e\u0026bull; 1 bunch of bananas (about 4 - 7 bananas)\u003cbr\u003e\u0026bull; Yellow when ripe\u003cbr\u003e\u0026bull; Pale yellow pulp\u003cbr\u003e\u0026bull; Mildly sweet taste\u003cbr\u003e\u0026bull; Smooth, soft texture\u003cbr\u003e\u0026bull; Great for snacking and baking",
                                                    "minimumQuantity": 1,
                                                    "maximumQuantity": 20,
                                                    "orderIncrement": 1,
                                                    "soldBy": "EAWT",
                                                    "amount": 1.32,
                                                    "price": "$1.32",
                                                    "listPrice": "$1.32",
                                                    "priceUom": "ea",
                                                    "isOnSale": false,
                                                    "savings": null,
                                                    "eawtDetails": {
                                                        "averageWeight": 2.4,
                                                        "uom": "lb",
                                                        "price": "$0.55",
                                                        "amount": 0.55
                                                    },
                                                    "categoryPath": [
                                                        {
                                                            "id": "483475",
                                                            "name": "Fruits \u0026 Vegetables",
                                                            "nameSlug": null,
                                                            "idPath": null
                                                        },
                                                        {
                                                            "id": "483627",
                                                            "name": "Fruit",
                                                            "nameSlug": null,
                                                            "idPath": null
                                                        },
                                                        {
                                                            "id": "483630",
                                                            "name": "Bananas",
                                                            "nameSlug": null,
                                                            "idPath": null
                                                        }
                                                    ],
                                                    "nutrifactsUrl": "https://services.centralmarket.com/cm-catalog/catalog/v1/nutrifacts/377497",
                                                    "productId": "377497",
                                                    "categoryIdPath": "483475.483627.483630",
                                                    "isAvailable": true,
                                                    "isSnapEligible": null,
                                                    "restrictions": null,
                                                    "brand": null,
                                                    "ownBrand": false,
                                                    "position": 0,
                                                    "categories": [
                                                        {
                                                            "id": null,
                                                            "name": null,
                                                            "idPath": null
                                                        },
                                                        {
                                                            "id": null,
                                                            "name": null,
                                                            "idPath": null
                                                        },
                                                        {
                                                            "id": null,
                                                            "name": null,
                                                            "idPath": null
                                                        }
                                                    ],
                                                    "onEvent": null,
                                                    "preferences": [
                                                        {
                                                            "__typename": "ProductPreference",
                                                            "name": "Banana or plantain ripeness",
                                                            "header": "Choose ripeness",
                                                            "disclaimer": "Selection dependent on product availability",
                                                            "options": [
                                                                {
                                                                    "__typename": "ProductPreferenceOption",
                                                                    "name": "No Preference",
                                                                    "description": ""
                                                                },
                                                                {
                                                                    "__typename": "ProductPreferenceOption",
                                                                    "name": "Yellow bunch",
                                                                    "description": null
                                                                },
                                                                {
                                                                    "__typename": "ProductPreferenceOption",
                                                                    "name": "Green bunch",
                                                                    "description": null
                                                                }
                                                            ]
                                                        }
                                                    ],
                                                    "productPresentation": null,
                                                    "presentationComponent": null,
                                                    "productComponents": [
                                                    ],
                                                    "presentationPriceRange": null,
                                                    "new": false,
                                                    "on_ad": false,
                                                    "productBadge": null,
                                                    "price_locations": [
                                                        {
                                                            "__typename": "PriceLocation",
                                                            "in_assortment": true,
                                                            "store_id": 55
                                                        },
                                                        {
                                                            "__typename": "PriceLocation",
                                                            "in_assortment": true,
                                                            "store_id": 61
                                                        },
                                                        {
                                                            "__typename": "PriceLocation",
                                                            "in_assortment": true,
                                                            "store_id": 191
                                                        },
                                                        {
                                                            "__typename": "PriceLocation",
                                                            "in_assortment": true,
                                                            "store_id": 420
                                                        },
                                                        {
                                                            "__typename": "PriceLocation",
                                                            "in_assortment": true,
                                                            "store_id": 491
                                                        },
                                                        {
                                                            "__typename": "PriceLocation",
                                                            "in_assortment": true,
                                                            "store_id": 545
                                                        },
                                                        {
                                                            "__typename": "PriceLocation",
                                                            "in_assortment": true,
                                                            "store_id": 546},
                                                            {
                                                                "__typename": "PriceLocation",
                                                                "in_assortment": true,
                                                                "store_id": 552
                                                            },
                                                            {
                                                                "__typename": "PriceLocation",
                                                                "in_assortment": true,
                                                                "store_id": 653
                                                            },
                                                            {
                                                                "__typename": "PriceLocation",
                                                                "in_assortment": true,
                                                                "store_id": 747
                                                            }
                                                        ]
                                                    },
                                                    {
                                                        "alcoholRestricted": false,
                                                        "baseImageUrl": "https://images.heb.com/is/image/HEBGrocery/001589560-1",
                                                        "title": "Fresh Organic Blueberries, 11 oz",
                                                        "description": "Pick up some fresh organic blueberries and enjoy their sweet, satisfying taste and texture with yogurt or baked into your favorite muffins. They're also great for snacking.\u003cbr\u003e\u003cbr\u003e\u0026bull; Fresh blueberries\u003cbr\u003e\u0026bull; USDA Organic\u003cbr\u003e\u0026bull; Sweet-tart taste\u003cbr\u003e\u0026bull; Packaged in resealable container",
                                                        "minimumQuantity": 1,
                                                        "maximumQuantity": 20,
                                                        "orderIncrement": 1,
                                                        "soldBy": "EACH",
                                                        "amount": 5.99,
                                                        "price": "$5.99",
                                                        "listPrice": "$5.99",
                                                        "priceUom": "ea",
                                                        "isOnSale": false,
                                                        "savings": null,
                                                        "eawtDetails": null,
                                                        "categoryPath": [
                                                            {
                                                                "id": "483475",
                                                                "name": "Fruits \u0026 Vegetables",
                                                                "nameSlug": null,
                                                                "idPath": null
                                                            },
                                                            {"id": "483627",
                                                            "name": "Fruit",
                                                            "nameSlug": null,
                                                            "idPath": null
                                                        },
                                                        {
                                                            "id": "483631",
                                                            "name": "Berries",
                                                            "nameSlug": null,
                                                            "idPath": null
                                                        }
                                                    ],
                                                    "nutrifactsUrl": null,
                                                    "productId": "1589560",
                                                    "categoryIdPath": "483475.483627.483631",
                                                    "isAvailable": true,
                                                    "isSnapEligible": null,
                                                    "restrictions": null,
                                                    "brand": null,
                                                    "ownBrand": false,
                                                    "position": 1,
                                                    "categories": [
                                                        {
                                                            "id": null,
                                                            "name": null,
                                                            "idPath": null
                                                        },
                                                        {
                                                            "id": null,
                                                            "name": null,
                                                            "idPath": null
                                                        },
                                                        {
                                                            "id": null,
                                                            "name": null,
                                                            "idPath": null
                                                        }
                                                    ],
                                                    "onEvent": null,
                                                    "preferences": null,
                                                    "productPresentation": null,
                                                    "presentationComponent": null,
                                                    "productComponents": [
                                                    ],
                                                    "presentationPriceRange": null,
                                                    "new": false,
                                                    "on_ad": false,
                                                    "productBadge": null,
                                                    "price_locations": [
                                                        {
                                                            "__typename": "PriceLocation",
                                                            "in_assortment": true,
                                                            "store_id": 55
                                                        },
                                                        {
                                                            "__typename": "PriceLocation",
                                                            "in_assortment": true,
                                                            "store_id": 61
                                                        },
                                                        {
                                                            "__typename": "PriceLocation",
                                                            "in_assortment": true,
                                                            "store_id": 191
                                                        },
                                                        {
                                                            "__typename": "PriceLocation",
                                                            "in_assortment": true,
                                                            "store_id": 420
                                                        },
                                                        {
                                                            "__typename": "PriceLocation",
                                                            "in_assortment": true,
                                                            "store_id": 491
                                                        },
                                                        {
                                                            "__typename": "PriceLocation",
                                                            "in_assortment": true,
                                                            "store_id": 545
                                                        },
                                                        {
                                                            "__typename": "PriceLocation",
                                                            "in_assortment": true,
                                                            "store_id": 546
                                                        },
                                                        {
                                                            "__typename": "PriceLocation",
                                                            "in_assortment": true,
                                                            "store_id": 552
                                                        },
                                                        {
                                                            "__typename": "PriceLocation",
                                                            "in_assortment": true,
                                                            "store_id": 653
                                                        },
                                                        {
                                                            "__typename": "PriceLocation",
                                                            "in_assortment": true,
                                                            "store_id": 747
                                                        }
                                                    ]},
                                                    {
                                                        "alcoholRestricted": false,
                                                        "baseImageUrl": "https://images.heb.com/is/image/HEBGrocery/000660159-1",
                                                        "title": "Fresh Organic Blackberries, 6 oz",
                                                        "description": "\u003cp\u003e\u003cspan style=\"color: rgb(51, 51, 51);\"\u003eMixed into yogurt or sprinkled on cereal, these fresh blackberries are certified USDA Organic. Sweet, juicy and slightly tart, use them in your favorite dessert recipes or pop some in the blender for making a smoothie.\u003c/span\u003e\u003c/p\u003e\u003cul\u003e\u003cli\u003e\u003cspan style=\"color: rgb(51, 51, 51);\"\u003eFresh blackberries\u003c/span\u003e\u003c/li\u003e\u003cli\u003eUSDA Organic\u003c/li\u003e\u003cli\u003eSweet-tart taste\u003c/li\u003e\u003cli\u003eVegan\u003c/li\u003e\u003c/ul\u003e",
                                                        "minimumQuantity": 1,
                                                        "maximumQuantity": 20,
                                                        "orderIncrement": 1,
                                                        "soldBy": "EACH",
                                                        "amount": 4.98,
                                                        "price": "$4.98",
                                                        "listPrice": "$4.98",
                                                        "priceUom": "ea",
                                                        "isOnSale": false,
                                                        "savings": null,
                                                        "eawtDetails": null,
                                                        "categoryPath": [
                                                            {
                                                                "id": "483475",
                                                                "name": "Fruits \u0026 Vegetables",
                                                                "nameSlug": null,
                                                                "idPath": null
                                                            },
                                                            {
                                                                "id": "483627",
                                                                "name": "Fruit",
                                                                "nameSlug": null,
                                                                "idPath": null
                                                            },
                                                            {
                                                                "id": "483631",
                                                                "name": "Berries",
                                                                "nameSlug": null,
                                                                "idPath": null
                                                            }
                                                        ],
                                                        "nutrifactsUrl": null,
                                                        "productId": "660159",
                                                        "categoryIdPath": "483475.483627.483631",
                                                        "isAvailable": true,
                                                        "isSnapEligible": null,
                                                        "restrictions": null,
                                                        "brand": null,
                                                        "ownBrand": false,
                                                        "position": 2,
                                                        "categories": [
                                                            {
                                                                "id": null,
                                                                "name": null,
                                                                "idPath": null
                                                            },
                                                            {
                                                                "id": null,
                                                                "name": null,
                                                                "idPath": null
                                                            },
                                                            {
                                                                "id": null,
                                                                "name": null,
                                                                "idPath": null
                                                            }
                                                        ],
                                                        "onEvent": null,
                                                        "preferences": null,
                                                        "productPresentation": null,
                                                        "presentationComponent": null,
                                                        "productComponents": [
                                                        ],
                                                        "presentationPriceRange": null,
                                                        "new": false,
                                                        "on_ad": false,
                                                        "productBadge": null,
                                                        "price_locations": [
                                                            {
                                                                "__typename": "PriceLocation",
                                                                "in_assortment": true,
                                                                "store_id": 55
                                                            },
                                                            {
                                                                "__typename": "PriceLocation",
                                                                "in_assortment": true,
                                                                "store_id": 61
                                                            },
                                                            {
                                                                "__typename": "PriceLocation",
                                                                "in_assortment": true,
                                                                "store_id": 191
                                                            },
                                                            {
                                                                "__typename": "PriceLocation",
                                                                "in_assortment": true,
                                                                "store_id": 420
                                                            },
                                                            {
                                                                "__typename": "PriceLocation",
                                                                "in_assortment": true,
                                                                "store_id": 491
                                                            },
                                                            {
                                                                "__typename": "PriceLocation",
                                                                "in_assortment": true,
                                                                "store_id": 545
                                                            },
                                                            {
                                                                "__typename": "PriceLocation",
                                                                "in_assortment": true,
                                                                "store_id": 546
                                                            },
                                                            {
                                                                "__typename": "PriceLocation",
                                                                "in_assortment": true,
                                                                "store_id": 552
                                                            },
                                                            {
                                                                "__typename": "PriceLocation",
                                                                "in_assortment": true,
                                                                "store_id": 653
                                                            },
                                                            {
                                                                "__typename": "PriceLocation",
                                                                "in_assortment": true,
                                                                "store_id": 747
                                                            }
                                                        ]
                                                    },
                                                    {
                                                        "alcoholRestricted": false,
                                                        "baseImageUrl": "https://images.heb.com/is/image/HEBGrocery/001146492-1",
                                                        "title": "Fresh Blueberries, 11 oz",
                                                        "description": "Fresh blueberries make a great snack and can be added to a variety of recipes like pancakes, muffins, and pie.  \u003cbr\u003e   \u003cbr\u003e  \u0026bull; Fresh blueberries  \u003cbr\u003e  \u0026bull; Sweet-tart taste  \u003cbr\u003e  \u0026bull; Resealable container",
                                                        "minimumQuantity": 1,
                                                        "maximumQuantity": 20,
                                                        "orderIncrement": 1,
                                                        "soldBy": "EACH",
                                                        "amount": 4.99,
                                                        "price": "$4.99",
                                                        "listPrice": "$4.99",
                                                        "priceUom": "ea",
                                                        "isOnSale": false,
                                                        "savings": null,
                                                        "eawtDetails": null,
                                                        "categoryPath": [
                                                            {
                                                                "id": "483475",
                                                                "name": "Fruits \u0026 Vegetables",
                                                                "nameSlug": null,
                                                                "idPath": null
                                                            },
                                                            {
                                                                "id": "483627",
                                                                "name": "Fruit",
                                                                "nameSlug": null,
                                                                "idPath": null
                                                            },
                                                            {
                                                                "id": "483631",
                                                                "name": "Berries",
                                                                "nameSlug": null,
                                                                "idPath": null
                                                            }
                                                        ],
                                                        "nutrifactsUrl": null,
                                                        "productId": "1146492",
                                                        "categoryIdPath": "483475.483627.483631",
                                                        "isAvailable": true,
                                                        "isSnapEligible": null,
                                                        "restrictions": null,
                                                        "brand": null,
                                                        "ownBrand": false,
                                                        "position": 3,
                                                        "categories": [
                                                            {
                                                                "id": null,
                                                                "name": null,
                                                                "idPath": null
                                                            },
                                                            {
                                                                "id": null,
                                                                "name": null,
                                                                "idPath": null
                                                            },
                                                            {
                                                                "id": null,
                                                                "name": null,
                                                                "idPath": null
                                                            }
                                                        ],
                                                        "onEvent": null,
                                                        "preferences": null,
                                                        "productPresentation": null,
                                                        "presentationComponent": null,
                                                        "productComponents": [
                                                        ],
                                                        "presentationPriceRange": null,
                                                        "new": false,
                                                        "on_ad": false,
                                                        "productBadge": null,
                                                        "price_locations": [
                                                            {
                                                                "__typename": "PriceLocation",
                                                                "in_assortment": true,
                                                                "store_id": 55
                                                            },
                                                            {
                                                                "__typename": "PriceLocation",
                                                                "in_assortment": true,
                                                                "store_id": 61
                                                            },
                                                            {
                                                                "__typename": "PriceLocation",
                                                                "in_assortment": true,
                                                                "store_id": 191
                                                            },
                                                            {
                                                                "__typename": "PriceLocation",
                                                                "in_assortment": true,
                                                                "store_id": 420
                                                            },
                                                            {"__typename": "PriceLocation",
                                                            "in_assortment": true,
                                                            "store_id": 491
                                                        },
                                                        {
                                                            "__typename": "PriceLocation",
                                                            "in_assortment": true,
                                                            "store_id": 545
                                                        },
                                                        {
                                                            "__typename": "PriceLocation",
                                                            "in_assortment": true,
                                                            "store_id": 546
                                                        },
                                                        {
                                                            "__typename": "PriceLocation",
                                                            "in_assortment": true,
                                                            "store_id": 552
                                                        },
                                                        {
                                                            "__typename": "PriceLocation",
                                                            "in_assortment": true,
                                                            "store_id": 653
                                                        },
                                                        {
                                                            "__typename": "PriceLocation",
                                                            "in_assortment": true,
                                                            "store_id": 747
                                                        }
                                                    ]
                                                },
                                                {
                                                    "alcoholRestricted": false,
                                                    "baseImageUrl": "https://images.heb.com/is/image/HEBGrocery/000375185-1",
                                                    "title": "Fresh Small Lemon, Each",
                                                    "description": "Add a citrus kick to sweet or savory recipes with a small fresh lemon. Extremely handy in both cooking and baking, theyre juicy, tart and ideal as slices or wedges. Before cutting a lemon, try gently rolling it back and forth on a cutting board to bring out extra juiciness.\u003cbr\u003e\u003cbr\u003e\u0026bull; Small lemon sold individually\u003cbr\u003e\u0026bull; Juicy and tart\u003cbr\u003e\u0026bull; Great for slices or wedges\u003cbr\u003e\u0026bull; Can be used in sweet or savory recipes",
                                                    "minimumQuantity": 1,
                                                    "maximumQuantity": 20,
                                                    "orderIncrement": 1,
                                                    "soldBy": "EACH",
                                                    "amount": 0.5,
                                                    "price": "2 for $1.00",
                                                    "listPrice": "2 for $1.00",
                                                    "priceUom": null,
                                                    "isOnSale": false,
                                                    "savings": null,
                                                    "eawtDetails": null,
                                                    "categoryPath": [
                                                        {
                                                            "id": "483475",
                                                            "name": "Fruits \u0026 Vegetables",
                                                            "nameSlug": null,
                                                            "idPath": null
                                                        },
                                                        {
                                                            "id": "483627",
                                                            "name": "Fruit",
                                                            "nameSlug": null,
                                                            "idPath": null
                                                        },
                                                        {
                                                            "id": "1179939",
                                                            "name": "Citrus",
                                                            "nameSlug": null,
                                                            "idPath": null
                                                        },
                                                        {
                                                            "id": "1179940",
                                                            "name": "Lemons",
                                                            "nameSlug": null,
                                                            "idPath": null
                                                        }
                                                    ],
                                                    "nutrifactsUrl": null,
                                                    "productId": "375185",
                                                    "categoryIdPath": "483475.483627.1179939.1179940",
                                                    "isAvailable": true,
                                                    "isSnapEligible": null,
                                                    "restrictions": null,
                                                    "brand": null,
                                                    "ownBrand": false,
                                                    "position": 4,
                                                    "categories": [
                                                        {
                                                            "id": null,
                                                            "name": null,
                                                            "idPath": null
                                                        },
                                                        {
                                                            "id": null,
                                                            "name": null,
                                                            "idPath": null
                                                        },
                                                        {
                                                            "id": null,
                                                            "name": null,
                                                            "idPath": null
                                                        },
                                                        {
                                                            "id": null,
                                                            "name": null,
                                                            "idPath": null
                                                        }
                                                    ],
                                                    "onEvent": null,
                                                    "preferences": null,
                                                    "productPresentation": null,
                                                    "presentationComponent": null,
                                                    "productComponents": [
                                                    ],
                                                    "presentationPriceRange": null,
                                                    "new": false,
                                                    "on_ad": false,
                                                    "productBadge": null,
                                                    "price_locations": [
                                                        {
                                                            "__typename": "PriceLocation",
                                                            "in_assortment": true,
                                                            "store_id": 55
                                                        },
                                                        {
                                                            "__typename": "PriceLocation",
                                                            "in_assortment": true,
                                                            "store_id": 61
                                                        },
                                                        {
                                                            "__typename": "PriceLocation",
                                                            "in_assortment": true,
                                                            "store_id": 191
                                                        },
                                                        {
                                                            "__typename": "PriceLocation",
                                                            "in_assortment": true,
                                                            "store_id": 420
                                                        },
                                                        {
                                                            "__typename": "PriceLocation",
                                                            "in_assortment": true,
                                                            "store_id": 491
                                                        },
                                                        {
                                                            "__typename": "PriceLocation",
                                                            "in_assortment": true,
                                                            "store_id": 545
                                                        },
                                                        {
                                                            "__typename": "PriceLocation",
                                                            "in_assortment": true,
                                                            "store_id": 546
                                                        },
                                                        {
                                                            "__typename": "PriceLocation",
                                                            "in_assortment": true,
                                                            "store_id": 552
                                                        },
                                                        {
                                                            "__typename": "PriceLocation",
                                                            "in_assortment": true,
                                                            "store_id": 653
                                                        },
                                                        {
                                                            "__typename": "PriceLocation",
                                                            "in_assortment": true,
                                                            "store_id": 747
                                                        }
                                                    ]
                                                },
                                                {
                                                    "alcoholRestricted": false,
                                                    "baseImageUrl": "https://images.heb.com/is/image/HEBGrocery/001669538-1",
                                                    "title": "Fresh Jumbo Blueberries, 9.8 oz",
                                                    "description": "Delightfully jumbo-sized, these fresh blueberries are delicious for snacking, adding atop yogurt or using in baked goods like muffins or pie.\u003cbr\u003e\u003cbr\u003e\u0026bull; Fresh jumbo blueberries\u003cbr\u003e\u0026bull; Bigger than ordinary ones\u003cbr\u003e\u0026bull; Great for snacking and baking",
                                                    "minimumQuantity": 1,
                                                    "maximumQuantity": 20,
                                                    "orderIncrement": 1,
                                                    "soldBy": "EACH",
                                                    "amount": 5.98,
                                                    "price": "$5.98",
                                                    "listPrice": "$5.98",
                                                    "priceUom": "ea",
                                                    "isOnSale": false,
                                                    "savings": null,
                                                    "eawtDetails": null,
                                                    "categoryPath": [
                                                        {
                                                            "id": "483475",
                                                            "name": "Fruits \u0026 Vegetables",
                                                            "nameSlug": null,
                                                            "idPath": null
                                                        },
                                                        {
                                                            "id": "483627",
                                                            "name": "Fruit",
                                                            "nameSlug": null,
                                                            "idPath": null},
                                                            {
                                                                "id": "483631",
                                                                "name": "Berries",
                                                                "nameSlug": null,
                                                                "idPath": null
                                                            }
                                                        ],
                                                        "nutrifactsUrl": null,
                                                        "productId": "1669538",
                                                        "categoryIdPath": "483475.483627.483631",
                                                        "isAvailable": true,
                                                        "isSnapEligible": null,
                                                        "restrictions": null,
                                                        "brand": null,
                                                        "ownBrand": false,
                                                        "position": 5,
                                                        "categories": [
                                                            {
                                                                "id": null,
                                                                "name": null,
                                                                "idPath": null
                                                            },
                                                            {
                                                                "id": null,
                                                                "name": null,
                                                                "idPath": null
                                                            },
                                                            {
                                                                "id": null,
                                                                "name": null,
                                                                "idPath": null
                                                            }
                                                        ],
                                                        "onEvent": null,
                                                        "preferences": null,
                                                        "productPresentation": null,
                                                        "presentationComponent": null,
                                                        "productComponents": [
                                                        ],
                                                        "presentationPriceRange": null,
                                                        "new": false,
                                                        "on_ad": false,
                                                        "productBadge": null,
                                                        "price_locations": [
                                                            {
                                                                "__typename": "PriceLocation",
                                                                "in_assortment": true,
                                                                "store_id": 55
                                                            },
                                                            {
                                                                "__typename": "PriceLocation",
                                                                "in_assortment": true,
                                                                "store_id": 61
                                                            },
                                                            {
                                                                "__typename": "PriceLocation",
                                                                "in_assortment": true,
                                                                "store_id": 191
                                                            },
                                                            {
                                                                "__typename": "PriceLocation",
                                                                "in_assortment": true,
                                                                "store_id": 420
                                                            },
                                                            {
                                                                "__typename": "PriceLocation",
                                                                "in_assortment": true,
                                                                "store_id": 491
                                                            },
                                                            {
                                                                "__typename": "PriceLocation",
                                                                "in_assortment": true,
                                                                "store_id": 545
                                                            },
                                                            {
                                                                "__typename": "PriceLocation",
                                                                "in_assortment": true,
                                                                "store_id": 546
                                                            },
                                                            {
                                                                "__typename": "PriceLocation",
                                                                "in_assortment": true,
                                                                "store_id": 552
                                                            },
                                                            {
                                                                "__typename": "PriceLocation",
                                                                "in_assortment": true,
                                                                "store_id": 653
                                                            },
                                                            {
                                                                "__typename": "PriceLocation",
                                                                "in_assortment": true,
                                                                "store_id": 747}
                                                            ]
                                                        },
                                                        {
                                                            "alcoholRestricted": false,
                                                            "baseImageUrl": "https://images.heb.com/is/image/HEBGrocery/000321109-1",
                                                            "title": "Fresh Large Mango, Each",
                                                            "description": "Varying in shape from long and slender to somewhat round, mangos taste sweet and slightly tart, with hints of peach, coconut and vanilla. Their smooth, leathery skin is a color burst of red, yellow and green. Cut around the flat center pit and make some homemade ceviche, or blend up some chunks for a tropical smoothie.  \u003cbr\u003e   \u003cbr\u003e  \u0026bull; 1 large mango (sold individually)  \u003cbr\u003e  \u0026bull; Sweet, slightly tart taste  \u003cbr\u003e  \u0026bull; Deliciously juicy  \u003cbr\u003e  \u0026bull; Smooth skin  \u003cbr\u003e  \u0026bull; Yellow-orange on the inside  \u003cbr\u003e  \u0026bull; Flat center pit  \u003cbr\u003e  \u0026bull; Great for fresh salsa, ceviche, smoothies and desserts",
                                                            "minimumQuantity": 1,
                                                            "maximumQuantity": 20,
                                                            "orderIncrement": 1,
                                                            "soldBy": "EACH",
                                                            "amount": 2.25,
                                                            "price": "$2.25",
                                                            "listPrice": "$2.25",
                                                            "priceUom": "ea",
                                                            "isOnSale": false,
                                                            "savings": null,
                                                            "eawtDetails": null,
                                                            "categoryPath": [
                                                                {
                                                                    "id": "483475",
                                                                    "name": "Fruits \u0026 Vegetables",
                                                                    "nameSlug": null,
                                                                    "idPath": null
                                                                },
                                                                {
                                                                    "id": "483627",
                                                                    "name": "Fruit",
                                                                    "nameSlug": null,
                                                                    "idPath": null
                                                                },
                                                                {
                                                                    "id": "1179951",
                                                                    "name": "Tropical \u0026 Specialty",
                                                                    "nameSlug": null,
                                                                    "idPath": null
                                                                }
                                                            ],
                                                            "nutrifactsUrl": "https://services.centralmarket.com/cm-catalog/catalog/v1/nutrifacts/321109",
                                                            "productId": "321109",
                                                            "categoryIdPath": "483475.483627.1179951",
                                                            "isAvailable": true,
                                                            "isSnapEligible": null,
                                                            "restrictions": null,
                                                            "brand": null,
                                                            "ownBrand": false,
                                                            "position": 6,
                                                            "categories": [
                                                                {
                                                                    "id": null,
                                                                    "name": null,
                                                                    "idPath": null
                                                                },
                                                                {
                                                                    "id": null,
                                                                    "name": null,
                                                                    "idPath": null
                                                                },
                                                                {
                                                                    "id": null,
                                                                    "name": null,
                                                                    "idPath": null
                                                                }
                                                            ],
                                                            "onEvent": null,
                                                            "preferences": null,
                                                            "productPresentation": null,
                                                            "presentationComponent": null,
                                                            "productComponents": [
                                                            ],
                                                            "presentationPriceRange": null,
                                                            "new": false,
                                                            "on_ad": false,
                                                            "productBadge": null,
                                                            "price_locations": [
                                                                {
                                                                    "__typename": "PriceLocation",
                                                                    "in_assortment": true,
                                                                    "store_id": 55
                                                                },
                                                                {
                                                                    "__typename": "PriceLocation",
                                                                    "in_assortment": true,
                                                                    "store_id": 61
                                                                },
                                                                {
                                                                    "__typename": "PriceLocation",
                                                                    "in_assortment": true,
                                                                    "store_id": 191
                                                                },
                                                                {
                                                                    "__typename": "PriceLocation",
                                                                    "in_assortment": true,
                                                                    "store_id": 420
                                                                },
                                                                {
                                                                    "__typename": "PriceLocation",
                                                                    "in_assortment": true,
                                                                    "store_id": 491
                                                                },
                                                                {
                                                                    "__typename": "PriceLocation",
                                                                    "in_assortment": true,
                                                                    "store_id": 545
                                                                },
                                                                {
                                                                    "__typename": "PriceLocation",
                                                                    "in_assortment": true,
                                                                    "store_id": 546
                                                                },
                                                                {
                                                                    "__typename": "PriceLocation",
                                                                    "in_assortment": true,
                                                                    "store_id": 552
                                                                },
                                                                {
                                                                    "__typename": "PriceLocation",
                                                                    "in_assortment": true,
                                                                    "store_id": 653
                                                                },
                                                                {
                                                                    "__typename": "PriceLocation",
                                                                    "in_assortment": true,
                                                                    "store_id": 747
                                                                }
                                                            ]
                                                        },
                                                        {
                                                            "alcoholRestricted": false,
                                                            "baseImageUrl": "https://images.heb.com/is/image/HEBGrocery/015400074-1",
                                                            "title": "Fresh Red Scarlet Rose Dragon Fruit, Each",
                                                            "description": "Red Scarlet Rose Dragon Fruit  also known as pitaya or the \"strawberry pear\"  is tropical with a sweet, crisp taste and light green pointy scales. Typically enjoyed raw in drinks, desserts and fruit salad, it can also be grilled on skewers. To use dragon fruit, slice it in half and scoop out the white, black-seeded flesh (the skin is inedible). Great mixed with mango, papaya or pineapple, it also works well as a salsa atop fish like cod, tuna and mahi mahi.\u003cbr\u003e\u003cbr\u003e\u0026bull; Red Scarlet Rose Dragon Fruit (sold individually)\u003cbr\u003e\u0026bull; Sweet crisp taste\u003cbr\u003e\u0026bull; White flesh with tiny black seeds\u003cbr\u003e\u0026bull; Inedible red skin with green pointy scales\u003cbr\u003e\u0026bull; Scoop out the flesh\u003cbr\u003e\u0026bull; Can be eaten raw or grilled\u003cbr\u003e\u0026bull; Great for drinks, desserts or salsa",
                                                            "minimumQuantity": 1,
                                                            "maximumQuantity": 20,
                                                            "orderIncrement": 1,
                                                            "soldBy": "EACH",
                                                            "amount": 4.98,
                                                            "price": "$4.98",
                                                            "listPrice": "$4.98",
                                                            "priceUom": "ea",
                                                            "isOnSale": false,
                                                            "savings": null,
                                                            "eawtDetails": null,
                                                            "categoryPath": [
                                                                {
                                                                    "id": "483475",
                                                                    "name": "Fruits \u0026 Vegetables",
                                                                    "nameSlug": null,
                                                                    "idPath": null
                                                                },
                                                                {
                                                                    "id": "483627",
                                                                    "name": "Fruit",
                                                                    "nameSlug": null,
                                                                    "idPath": null
                                                                },
                                                                {
                                                                    "id": "1179951",
                                                                    "name": "Tropical \u0026 Specialty",
                                                                    "nameSlug": null,
                                                                    "idPath": null
                                                                }
                                                            ],
                                                            "nutrifactsUrl": null,
                                                            "productId": "15400074",
                                                            "categoryIdPath": "483475.483627.1179951",
                                                            "isAvailable": true,
                                                            "isSnapEligible": null,
                                                            "restrictions": null,
                                                            "brand": null,
                                                            "ownBrand": false,
                                                            "position": 7,
                                                            "categories": [
                                                                {
                                                                    "id": null,
                                                                    "name": null,
                                                                    "idPath": null
                                                                },
                                                                {
                                                                    "id": null,
                                                                    "name": null,
                                                                    "idPath": null
                                                                },
                                                                {
                                                                    "id": null,
                                                                    "name": null,
                                                                    "idPath": null
                                                                }
                                                            ],
                                                            "onEvent": null,
                                                            "preferences": null,
                                                            "productPresentation": null,
                                                            "presentationComponent": null,
                                                            "productComponents": [
                                                            ],
                                                            "presentationPriceRange": null,
                                                            "new": false,
                                                            "on_ad": false,
                                                            "productBadge": null,
                                                            "price_locations": [
                                                                {
                                                                    "__typename": "PriceLocation",
                                                                    "in_assortment": true,
                                                                    "store_id": 55},
                                                                    {
                                                                        "__typename": "PriceLocation",
                                                                        "in_assortment": true,
                                                                        "store_id": 61},
                                                                        {
                                                                            "__typename": "PriceLocation",
                                                                            "in_assortment": true,
                                                                            "store_id": 191},
                                                                            {
                                                                                "__typename": "PriceLocation",
                                                                                "in_assortment": true,
                                                                                "store_id": 420
                                                                            },
                                                                            {
                                                                                "__typename": "PriceLocation",
                                                                                "in_assortment": true,
                                                                                "store_id": 491
                                                                            },
                                                                            {
                                                                                "__typename": "PriceLocation",
                                                                                "in_assortment": true,
                                                                                "store_id": 545
                                                                            },
                                                                            {"__typename": "PriceLocation",
                                                                            "in_assortment": true,
                                                                            "store_id": 546
                                                                        },
                                                                        {
                                                                            "__typename": "PriceLocation",
                                                                            "in_assortment": true,
                                                                            "store_id": 552
                                                                        },
                                                                        {
                                                                            "__typename": "PriceLocation",
                                                                            "in_assortment": true,
                                                                            "store_id": 653
                                                                        },
                                                                        {
                                                                            "__typename": "PriceLocation",
                                                                            "in_assortment": true,
                                                                            "store_id": 747
                                                                        }
                                                                    ]
                                                                },
                                                                {
                                                                    "alcoholRestricted": false,
                                                                    "baseImageUrl": "https://images.heb.com/is/image/HEBGrocery/000321289-1",
                                                                    "title": "Fresh Raspberries, 6 oz",
                                                                    "description": "For tangy sweetness, add some fresh raspberries to your cart. Great atop cereal or yogurt, this tart fruit also comes in handy for making smoothies or your favorite desserts.\u003cbr\u003e\u003cbr\u003e\u0026bull; Fresh raspberries\u003cbr\u003e\u0026bull; Tangy and sweet flavor\u003cbr\u003e\u0026bull; Bright red color\u003cbr\u003e\u0026bull; Resealable container for freshness",
                                                                    "minimumQuantity": 1,
                                                                    "maximumQuantity": 20,
                                                                    "orderIncrement": 1,
                                                                    "soldBy": "EACH",
                                                                    "amount": 3.49,
                                                                    "price": "$3.49",
                                                                    "listPrice": "$3.49",
                                                                    "priceUom": "ea",
                                                                    "isOnSale": false,
                                                                    "savings": null,
                                                                    "eawtDetails": null,
                                                                    "categoryPath": [
                                                                        {"id": "483475",
                                                                        "name": "Fruits \u0026 Vegetables",
                                                                        "nameSlug": null,
                                                                        "idPath": null
                                                                    },
                                                                    {"id": "483627",
                                                                    "name": "Fruit",
                                                                    "nameSlug": null,
                                                                    "idPath": null
                                                                },
                                                                {
                                                                    "id": "483631",
                                                                    "name": "Berries",
                                                                    "nameSlug": null,
                                                                    "idPath": null
                                                                }
                                                            ],
                                                            "nutrifactsUrl": null,
                                                            "productId": "321289",
                                                            "categoryIdPath": "483475.483627.483631",
                                                            "isAvailable": true,
                                                            "isSnapEligible": null,
                                                            "restrictions": null,
                                                            "brand": null,
                                                            "ownBrand": false,
                                                            "position": 8,
                                                            "categories": [
                                                                {
                                                                    "id": null,
                                                                    "name": null,
                                                                    "idPath": null
                                                                },
                                                                {
                                                                    "id": null,
                                                                    "name": null,
                                                                    "idPath": null
                                                                },
                                                                {
                                                                    "id": null,
                                                                    "name": null,
                                                                    "idPath": null
                                                                }
                                                            ],
                                                            "onEvent": null,
                                                            "preferences": null,
                                                            "productPresentation": null,
                                                            "presentationComponent": null,
                                                            "productComponents": [
                                                            ],
                                                            "presentationPriceRange": null,
                                                            "new": false,
                                                            "on_ad": false,
                                                            "productBadge": null,
                                                            "price_locations": [
                                                                {
                                                                    "__typename": "PriceLocation",
                                                                    "in_assortment": true,
                                                                    "store_id": 55
                                                                },
                                                                {
                                                                    "__typename": "PriceLocation",
                                                                    "in_assortment": true,
                                                                    "store_id": 61
                                                                },
                                                                {
                                                                    "__typename": "PriceLocation",
                                                                    "in_assortment": true,
                                                                    "store_id": 191
                                                                },
                                                                {
                                                                    "__typename": "PriceLocation",
                                                                    "in_assortment": true,
                                                                    "store_id": 420
                                                                },
                                                                {
                                                                    "__typename": "PriceLocation",
                                                                    "in_assortment": true,
                                                                    "store_id": 491
                                                                },
                                                                {
                                                                    "__typename": "PriceLocation",
                                                                    "in_assortment": true,
                                                                    "store_id": 545
                                                                },
                                                                {
                                                                    "__typename": "PriceLocation",
                                                                    "in_assortment": true,
                                                                    "store_id": 546
                                                                },
                                                                {
                                                                    "__typename": "PriceLocation",
                                                                    "in_assortment": true,
                                                                    "store_id": 552
                                                                },
                                                                {
                                                                    "__typename": "PriceLocation",
                                                                    "in_assortment": true,
                                                                    "store_id": 653
                                                                },
                                                                {
                                                                    "__typename": "PriceLocation",
                                                                    "in_assortment": true,
                                                                    "store_id": 747
                                                                }
                                                            ]
                                                        },
                                                        {
                                                            "alcoholRestricted": false,
                                                            "baseImageUrl": "https://images.heb.com/is/image/HEBGrocery/000471244-1",
                                                            "title": "Fresh Organic Honeycrisp Apples",
                                                            "description": "Organic Honeycrisp Apples are UDSA certified grown apples.",
                                                            "minimumQuantity": 1,
                                                            "maximumQuantity": 20,
                                                            "orderIncrement": 1,
                                                            "soldBy": "EAWT",
                                                            "amount": 2.26,
                                                            "price": "$2.26",
                                                            "listPrice": "$2.26",
                                                            "priceUom": "ea",
                                                            "isOnSale": false,
                                                            "savings": null,
                                                            "eawtDetails": {
                                                                "averageWeight": 0.65,
                                                                "uom": "lb",
                                                                "price": "$3.49",
                                                                "amount": 3.49
                                                            },
                                                            "categoryPath": [
                                                                {
                                                                    "id": "483475",
                                                                    "name": "Fruits \u0026 Vegetables",
                                                                    "nameSlug": null,
                                                                    "idPath": null
                                                                },
                                                                {
                                                                    "id": "483627",
                                                                    "name": "Fruit",
                                                                    "nameSlug": null,
                                                                    "idPath": null
                                                                },
                                                                {
                                                                    "id": "483629",
                                                                    "name": "Apples",
                                                                    "nameSlug": null,
                                                                    "idPath": null
                                                                }
                                                            ],
                                                            "nutrifactsUrl": null,
                                                            "productId": "471244",
                                                            "categoryIdPath": "483475.483627.483629",
                                                            "isAvailable": true,
                                                            "isSnapEligible": null,
                                                            "restrictions": null,
                                                            "brand": null,
                                                            "ownBrand": false,
                                                            "position": 9,
                                                            "categories": [
                                                                {
                                                                    "id": null,
                                                                    "name": null,
                                                                    "idPath": null
                                                                },
                                                                {
                                                                    "id": null,
                                                                    "name": null,
                                                                    "idPath": null
                                                                },
                                                                {
                                                                    "id": null,
                                                                    "name": null,
                                                                    "idPath": null
                                                                }
                                                            ],
                                                            "onEvent": null,
                                                            "preferences": null,
                                                            "productPresentation": null,
                                                            "presentationComponent": null,
                                                            "productComponents": [
                                                            ],
                                                            "presentationPriceRange": null,
                                                            "new": false,
                                                            "on_ad": false,
                                                            "productBadge": null,
                                                            "price_locations": [
                                                                {
                                                                    "__typename": "PriceLocation",
                                                                    "in_assortment": true,
                                                                    "store_id": 55
                                                                },
                                                                {
                                                                    "__typename": "PriceLocation",
                                                                    "in_assortment": true,
                                                                    "store_id": 61
                                                                },
                                                                {
                                                                    "__typename": "PriceLocation",
                                                                    "in_assortment": true,
                                                                    "store_id": 191
                                                                },
                                                                {
                                                                    "__typename": "PriceLocation",
                                                                    "in_assortment": true,
                                                                    "store_id": 420
                                                                },
                                                                {
                                                                    "__typename": "PriceLocation",
                                                                    "in_assortment": true,
                                                                    "store_id": 491
                                                                },
                                                                {
                                                                    "__typename": "PriceLocation",
                                                                    "in_assortment": true,
                                                                    "store_id": 545
                                                                },
                                                                {
                                                                    "__typename": "PriceLocation",
                                                                    "in_assortment": true,
                                                                    "store_id": 546
                                                                },
                                                                {
                                                                    "__typename": "PriceLocation",
                                                                    "in_assortment": true,
                                                                    "store_id": 552
                                                                },
                                                                {
                                                                    "__typename": "PriceLocation",
                                                                    "in_assortment": true,
                                                                    "store_id": 653
                                                                },
                                                                {
                                                                    "__typename": "PriceLocation",
                                                                    "in_assortment": true,
                                                                    "store_id": 747
                                                                }
                                                            ]
                                                        },
                                                        {
                                                            "alcoholRestricted": false,
                                                            "baseImageUrl": "https://images.heb.com/is/image/HEBGrocery/001525045-1",
                                                            "title": "Fresh Holiday Red Seedless Grapes",
                                                            "description": "We wait all year for this seasonal treat! Available for a limited time leading up to the holidays, these juicy beauties are robust in flavor and hand-harvested straight from the vine.",
                                                            "minimumQuantity": 1,
                                                            "maximumQuantity": 20,
                                                            "orderIncrement": 1,
                                                            "soldBy": "EAWT",
                                                            "amount": 5.96,
                                                            "price": "$5.96",
                                                            "listPrice": "$5.96",
                                                            "priceUom": "ea",
                                                            "isOnSale": false,
                                                            "savings": null,
                                                            "eawtDetails": {
                                                                "averageWeight": 2,
                                                                "uom": "lb",
                                                                "price": "$2.98",
                                                                "amount": 2.98
                                                            },
                                                            "categoryPath": [
                                                                {
                                                                    "id": "483475",
                                                                    "name": "Fruits \u0026 Vegetables",
                                                                    "nameSlug": null,
                                                                    "idPath": null
                                                                },
                                                                {
                                                                    "id": "483627",
                                                                    "name": "Fruit",
                                                                    "nameSlug": null,
                                                                    "idPath": null
                                                                },
                                                                {
                                                                    "id": "483633",
                                                                    "name": "Grapes",
                                                                    "nameSlug": null,
                                                                    "idPath": null
                                                                }
                                                            ],
                                                            "nutrifactsUrl": null,
                                                            "productId": "1525045",
                                                            "categoryIdPath": "483475.483627.483633",
                                                            "isAvailable": true,
                                                            "isSnapEligible": null,
                                                            "restrictions": null,
                                                            "brand": null,
                                                            "ownBrand": false,
                                                            "position": 10,
                                                            "categories": [
                                                                {
                                                                    "id": null,
                                                                    "name": null,
                                                                    "idPath": null
                                                                },
                                                                {
                                                                    "id": null,
                                                                    "name": null,
                                                                    "idPath": null
                                                                },
                                                                {
                                                                    "id": null,
                                                                    "name": null,
                                                                    "idPath": null
                                                                }
                                                            ],
                                                            "onEvent": null,
                                                            "preferences": null,
                                                            "productPresentation": null,
                                                            "presentationComponent": null,
                                                            "productComponents": [
                                                            ],
                                                            "presentationPriceRange": null,
                                                            "new": false,
                                                            "on_ad": false,
                                                            "productBadge": null,
                                                            "price_locations": [
                                                                {
                                                                    "__typename": "PriceLocation",
                                                                    "in_assortment": true,
                                                                    "store_id": 55
                                                                },
                                                                {
                                                                    "__typename": "PriceLocation",
                                                                    "in_assortment": true,
                                                                    "store_id": 61
                                                                },
                                                                {
                                                                    "__typename": "PriceLocation",
                                                                    "in_assortment": true,
                                                                    "store_id": 191
                                                                },
                                                                {
                                                                    "__typename": "PriceLocation",
                                                                    "in_assortment": true,
                                                                    "store_id": 420
                                                                },
                                                                {
                                                                    "__typename": "PriceLocation",
                                                                    "in_assortment": true,
                                                                    "store_id": 491
                                                                },
                                                                {
                                                                    "__typename": "PriceLocation",
                                                                    "in_assortment": true,
                                                                    "store_id": 545
                                                                },
                                                                {
                                                                    "__typename": "PriceLocation",
                                                                    "in_assortment": true,
                                                                    "store_id": 546
                                                                },
                                                                {
                                                                    "__typename": "PriceLocation",
                                                                    "in_assortment": true,
                                                                    "store_id": 552
                                                                },
                                                                {
                                                                    "__typename": "PriceLocation",
                                                                    "in_assortment": true,
                                                                    "store_id": 653
                                                                },
                                                                {
                                                                    "__typename": "PriceLocation",
                                                                    "in_assortment": true,
                                                                    "store_id": 747
                                                                }
                                                            ]
                                                        },
                                                        {
                                                            "alcoholRestricted": false,
                                                            "baseImageUrl": "https://images.heb.com/is/image/HEBGrocery/000375169-1",
                                                            "title": "Fresh Large Navel Orange",
                                                            "description": "Navel oranges are juicy and full of sweet-tart flavor. Peel this popular citrus fruit for a quick fruit snack, or zest some for savory recipes or baked goods. You can also squeeze some navels for fresh orange juice.\u003cbr\u003e\u003cbr\u003e\u0026bull; 1 large navel orange (sold individually)\u003cbr\u003e\u0026bull; Sweet-tart flavor and juicy\u003cbr\u003e\u0026bull; Vibrant orange color\u003cbr\u003e\u0026bull; Peel for a snack or use for juicing",
                                                            "minimumQuantity": 1,
                                                            "maximumQuantity": 20,
                                                            "orderIncrement": 1,
                                                            "soldBy": "EAWT",
                                                            "amount": 1.04,
                                                            "price": "$1.04",
                                                            "listPrice": "$1.04",
                                                            "priceUom": "ea",
                                                            "isOnSale": false,
                                                            "savings": null,
                                                            "eawtDetails": {
                                                                "averageWeight": 0.62,
                                                                "uom": "lb",
                                                                "price": "$1.68",
                                                                "amount": 1.68
                                                            },
                                                            "categoryPath": [
                                                                {
                                                                    "id": "483475",
                                                                    "name": "Fruits \u0026 Vegetables",
                                                                    "nameSlug": null,
                                                                    "idPath": null
                                                                },
                                                                {
                                                                    "id": "483627",
                                                                    "name": "Fruit",
                                                                    "nameSlug": null,
                                                                    "idPath": null
                                                                },
                                                                {
                                                                    "id": "1179939",
                                                                    "name": "Citrus",
                                                                    "nameSlug": null,
                                                                    "idPath": null
                                                                },
                                                                {
                                                                    "id": "1179944",
                                                                    "name": "Oranges",
                                                                    "nameSlug": null,
                                                                    "idPath": null
                                                                }
                                                            ],
                                                            "nutrifactsUrl": null,
                                                            "productId": "375169",
                                                            "categoryIdPath": "483475.483627.1179939.1179944",
                                                            "isAvailable": true,
                                                            "isSnapEligible": null,
                                                            "restrictions": null,
                                                            "brand": null,
                                                            "ownBrand": false,
                                                            "position": 11,
                                                            "categories": [
                                                                {
                                                                    "id": null,
                                                                    "name": null,
                                                                    "idPath": null
                                                                },
                                                                {
                                                                    "id": null,
                                                                    "name": null,
                                                                    "idPath": null
                                                                },
                                                                {
                                                                    "id": null,
                                                                    "name": null,
                                                                    "idPath": null
                                                                },
                                                                {
                                                                    "id": null,
                                                                    "name": null,
                                                                    "idPath": null
                                                                }
                                                            ],
                                                            "onEvent": null,
                                                            "preferences": null,
                                                            "productPresentation": null,
                                                            "presentationComponent": null,
                                                            "productComponents": [
                                                            ],
                                                            "presentationPriceRange": null,
                                                            "new": false,
                                                            "on_ad": false,
                                                            "productBadge": null,
                                                            "price_locations": [
                                                                {
                                                                    "__typename": "PriceLocation",
                                                                    "in_assortment": true,
                                                                    "store_id": 55
                                                                },
                                                                {
                                                                    "__typename": "PriceLocation",
                                                                    "in_assortment": true,
                                                                    "store_id": 61
                                                                },
                                                                {
                                                                    "__typename": "PriceLocation",
                                                                    "in_assortment": true,
                                                                    "store_id": 191
                                                                },
                                                                {
                                                                    "__typename": "PriceLocation",
                                                                    "in_assortment": true,
                                                                    "store_id": 420
                                                                },
                                                                {
                                                                    "__typename": "PriceLocation",
                                                                    "in_assortment": true,
                                                                    "store_id": 491
                                                                },
                                                                {
                                                                    "__typename": "PriceLocation",
                                                                    "in_assortment": true,
                                                                    "store_id": 545
                                                                },
                                                                {
                                                                    "__typename": "PriceLocation",
                                                                    "in_assortment": true,
                                                                    "store_id": 546
                                                                },
                                                                {
                                                                    "__typename": "PriceLocation",
                                                                    "in_assortment": true,
                                                                    "store_id": 552
                                                                },
                                                                {
                                                                    "__typename": "PriceLocation",
                                                                    "in_assortment": true,
                                                                    "store_id": 653
                                                                },
                                                                {
                                                                    "__typename": "PriceLocation",
                                                                    "in_assortment": true,
                                                                    "store_id": 747
                                                                }
                                                            ]
                                                        },
                                                        {
                                                            "alcoholRestricted": false,
                                                            "baseImageUrl": "https://images.heb.com/is/image/HEBGrocery/000320228-1",
                                                            "title": "Fresh Bunch of Organic Bananas (5-7 Bananas)",
                                                            "description": "For an appealing fruit snack, pick up some fresh organic bananas. With about 4 -7 in a bunch, they're ripe and ready to enjoy when they change from green to yellow. Top your oatmeal, bran flakes or yogurt with some banana slices; and if they get overripe, you can always use them to make a loaf of yummy banana bread.\u003cbr\u003e\u003cbr\u003e\u0026bull; Bunch of bananas (about 4  7 total)\u003cbr\u003e\u0026bull; USDA Organic\u003cbr\u003e\u0026bull; Ripe and ready when yellow\u003cbr\u003e\u0026bull; Convenient fruit snack\u003cbr\u003e\u0026bull; Peel to enjoy\u003cbr\u003e\u0026bull; Great for baking banana bread",
                                                            "minimumQuantity": 1,
                                                            "maximumQuantity": 20,
                                                            "orderIncrement": 1,
                                                            "soldBy": "EAWT",
                                                            "amount": 1.81,
                                                            "price": "$1.81",
                                                            "listPrice": "$1.81",
                                                            "priceUom": "ea",
                                                            "isOnSale": false,
                                                            "savings": null,
                                                            "eawtDetails": {
                                                                "averageWeight": 2.425,
                                                                "uom": "lb",
                                                                "price": "$0.75",
                                                                "amount": 0.75
                                                            },
                                                            "categoryPath": [
                                                                {
                                                                    "id": "483475",
                                                                    "name": "Fruits \u0026 Vegetables",
                                                                    "nameSlug": null,
                                                                    "idPath": null
                                                                },
                                                                {
                                                                    "id": "483627",
                                                                    "name": "Fruit",
                                                                    "nameSlug": null,
                                                                    "idPath": null
                                                                },
                                                                {
                                                                    "id": "483630",
                                                                    "name": "Bananas",
                                                                    "nameSlug": null,
                                                                    "idPath": null
                                                                }
                                                            ],
                                                            "nutrifactsUrl": null,
                                                            "productId": "320228",
                                                            "categoryIdPath": "483475.483627.483630",
                                                            "isAvailable": true,
                                                            "isSnapEligible": null,
                                                            "restrictions": null,
                                                            "brand": null,
                                                            "ownBrand": false,
                                                            "position": 12,
                                                            "categories": [
                                                                {
                                                                    "id": null,
                                                                    "name": null,
                                                                    "idPath": null
                                                                },
                                                                {
                                                                    "id": null,
                                                                    "name": null,
                                                                    "idPath": null
                                                                },
                                                                {
                                                                    "id": null,
                                                                    "name": null,
                                                                    "idPath": null
                                                                }
                                                            ],
                                                            "onEvent": null,
                                                            "preferences": [
                                                                {
                                                                    "__typename": "ProductPreference",
                                                                    "name": "Banana or plantain ripeness",
                                                                    "header": "Choose ripeness",
                                                                    "disclaimer": "Selection dependent on product availability",
                                                                    "options": [
                                                                        {
                                                                            "__typename": "ProductPreferenceOption",
                                                                            "name": "No Preference",
                                                                            "description": ""
                                                                        },
                                                                        {
                                                                            "__typename": "ProductPreferenceOption",
                                                                            "name": "Yellow bunch",
                                                                            "description": null
                                                                        },
                                                                        {
                                                                            "__typename": "ProductPreferenceOption",
                                                                            "name": "Green bunch",
                                                                            "description": null
                                                                        }
                                                                    ]
                                                                }
                                                            ],
                                                            "productPresentation": null,
                                                            "presentationComponent": null,
                                                            "productComponents": [
                                                            ],
                                                            "presentationPriceRange": null,
                                                            "new": false,
                                                            "on_ad": false,
                                                            "productBadge": null,
                                                            "price_locations": [
                                                                {
                                                                    "__typename": "PriceLocation",
                                                                    "in_assortment": true,
                                                                    "store_id": 55
                                                                },
                                                                {
                                                                    "__typename": "PriceLocation",
                                                                    "in_assortment": true,
                                                                    "store_id": 61
                                                                },
                                                                {
                                                                    "__typename": "PriceLocation",
                                                                    "in_assortment": true,
                                                                    "store_id": 191
                                                                },
                                                                {
                                                                    "__typename": "PriceLocation",
                                                                    "in_assortment": true,
                                                                    "store_id": 420
                                                                },
                                                                {
                                                                    "__typename": "PriceLocation",
                                                                    "in_assortment": true,
                                                                    "store_id": 491
                                                                },
                                                                {
                                                                    "__typename": "PriceLocation",
                                                                    "in_assortment": true,
                                                                    "store_id": 545
                                                                },
                                                                {
                                                                    "__typename": "PriceLocation",
                                                                    "in_assortment": true,
                                                                    "store_id": 546
                                                                },
                                                                {
                                                                    "__typename": "PriceLocation",
                                                                    "in_assortment": true,
                                                                    "store_id": 552
                                                                },
                                                                {
                                                                    "__typename": "PriceLocation",
                                                                    "in_assortment": true,
                                                                    "store_id": 653
                                                                },
                                                                {
                                                                    "__typename": "PriceLocation",
                                                                    "in_assortment": true,
                                                                    "store_id": 747
                                                                }
                                                            ]
                                                        },
                                                        {
                                                            "alcoholRestricted": false,
                                                            "baseImageUrl": "https://images.heb.com/is/image/HEBGrocery/001571639-1",
                                                            "title": "Central Market Large Prepless Pineapple Chunks",
                                                            "description": "Fresh, sweet pineapple  cut and ready to eat.",
                                                            "minimumQuantity": 1,
                                                            "maximumQuantity": 20,
                                                            "orderIncrement": 1,
                                                            "soldBy": "EAWT",
                                                            "amount": 6.04,
                                                            "price": "$6.04",
                                                            "listPrice": "$6.04",
                                                            "priceUom": "ea",
                                                            "isOnSale": false,
                                                            "savings": null,
                                                            "eawtDetails": {
                                                                "averageWeight": 1.01,
                                                                "uom": "lb",
                                                                "price": "$5.99",
                                                                "amount": 5.99
                                                            },
                                                            "categoryPath": [
                                                                {
                                                                    "id": "483475",
                                                                    "name": "Fruits \u0026 Vegetables",
                                                                    "nameSlug": null,
                                                                    "idPath": null
                                                                },
                                                                {
                                                                    "id": "483627",
                                                                    "name": "Fruit",
                                                                    "nameSlug": null,
                                                                    "idPath": null
                                                                },
                                                                {
                                                                    "id": "1179949",
                                                                    "name": "Pre-Cut",
                                                                    "nameSlug": null,
                                                                    "idPath": null
                                                                }
                                                            ],
                                                            "nutrifactsUrl": "https://services.centralmarket.com/cm-catalog/catalog/v1/nutrifacts/1571639",
                                                            "productId": "1571639",
                                                            "categoryIdPath": "483475.483627.1179949",
                                                            "isAvailable": true,
                                                            "isSnapEligible": null,
                                                            "restrictions": null,
                                                            "brand": null,
                                                            "ownBrand": false,
                                                            "position": 13,
                                                            "categories": [
                                                                {
                                                                    "id": null,
                                                                    "name": null,
                                                                    "idPath": null
                                                                },
                                                                {
                                                                    "id": null,
                                                                    "name": null,
                                                                    "idPath": null
                                                                },
                                                                {
                                                                    "id": null,
                                                                    "name": null,
                                                                    "idPath": null
                                                                }
                                                            ],
                                                            "onEvent": null,
                                                            "preferences": null,
                                                            "productPresentation": null,
                                                            "presentationComponent": null,
                                                            "productComponents": [
                                                            ],
                                                            "presentationPriceRange": null,
                                                            "new": false,
                                                            "on_ad": false,
                                                            "productBadge": null,
                                                            "price_locations": [
                                                                {
                                                                    "__typename": "PriceLocation",
                                                                    "in_assortment": true,
                                                                    "store_id": 55
                                                                },
                                                                {
                                                                    "__typename": "PriceLocation",
                                                                    "in_assortment": true,
                                                                    "store_id": 61
                                                                },
                                                                {
                                                                    "__typename": "PriceLocation",
                                                                    "in_assortment": true,
                                                                    "store_id": 191
                                                                },
                                                                {
                                                                    "__typename": "PriceLocation",
                                                                    "in_assortment": true,
                                                                    "store_id": 420
                                                                },
                                                                {
                                                                    "__typename": "PriceLocation",
                                                                    "in_assortment": true,
                                                                    "store_id": 491
                                                                },
                                                                {
                                                                    "__typename": "PriceLocation",
                                                                    "in_assortment": true,
                                                                    "store_id": 545
                                                                },
                                                                {
                                                                    "__typename": "PriceLocation",
                                                                    "in_assortment": true,
                                                                    "store_id": 546
                                                                },
                                                                {
                                                                    "__typename": "PriceLocation",
                                                                    "in_assortment": true,
                                                                    "store_id": 552
                                                                },
                                                                {
                                                                    "__typename": "PriceLocation",
                                                                    "in_assortment": true,
                                                                    "store_id": 653
                                                                },
                                                                {
                                                                    "__typename": "PriceLocation",
                                                                    "in_assortment": true,
                                                                    "store_id": 747
                                                                }
                                                            ]
                                                        },
                                                        {
                                                            "alcoholRestricted": false,
                                                            "baseImageUrl": "https://images.heb.com/is/image/HEBGrocery/003444540-1",
                                                            "title": "Driscoll's Limited Edition Sweetest Batch Blueberries, 11 oz",
                                                            "description": "Driscoll's Limited Edition Sweetest Batch Blueberries have an unrivaled sweetness and juiciness that can be found in no other blueberries. Driscoll's Joy Makers are proud to bring you the best blueberries around, with a crisp bite and a flavorful pop that will leave you smiling with joy!",
                                                            "minimumQuantity": 1,
                                                            "maximumQuantity": 20,
                                                            "orderIncrement": 1,
                                                            "soldBy": "EACH",
                                                            "amount": 8.99,
                                                            "price": "$8.99",
                                                            "listPrice": "$8.99",
                                                            "priceUom": "ea",
                                                            "isOnSale": false,
                                                            "savings": null,
                                                            "eawtDetails": null,
                                                            "categoryPath": [
                                                                {
                                                                    "id": "483475",
                                                                    "name": "Fruits \u0026 Vegetables",
                                                                    "nameSlug": null,
                                                                    "idPath": null
                                                                },
                                                                {
                                                                    "id": "483627",
                                                                    "name": "Fruit",
                                                                    "nameSlug": null,
                                                                    "idPath": null
                                                                },
                                                                {
                                                                    "id": "483631",
                                                                    "name": "Berries",
                                                                    "nameSlug": null,
                                                                    "idPath": null
                                                                }
                                                            ],
                                                            "nutrifactsUrl": null,
                                                            "productId": "3444540",
                                                            "categoryIdPath": "483475.483627.483631",
                                                            "isAvailable": true,
                                                            "isSnapEligible": null,
                                                            "restrictions": null,
                                                            "brand": null,
                                                            "ownBrand": false,
                                                            "position": 14,
                                                            "categories": [
                                                                {
                                                                    "id": null,
                                                                    "name": null,
                                                                    "idPath": null
                                                                },
                                                                {
                                                                    "id": null,
                                                                    "name": null,
                                                                    "idPath": null
                                                                },
                                                                {
                                                                    "id": null,
                                                                    "name": null,
                                                                    "idPath": null
                                                                }
                                                            ],
                                                            "onEvent": null,
                                                            "preferences": null,
                                                            "productPresentation": null,
                                                            "presentationComponent": null,
                                                            "productComponents": [
                                                            ],
                                                            "presentationPriceRange": null,
                                                            "new": false,
                                                            "on_ad": false,
                                                            "productBadge": null,
                                                            "price_locations": [
                                                                {
                                                                    "__typename": "PriceLocation",
                                                                    "in_assortment": true,
                                                                    "store_id": 55
                                                                },
                                                                {
                                                                    "__typename": "PriceLocation",
                                                                    "in_assortment": true,
                                                                    "store_id": 61
                                                                },
                                                                {
                                                                    "__typename": "PriceLocation",
                                                                    "in_assortment": true,
                                                                    "store_id": 191
                                                                },
                                                                {
                                                                    "__typename": "PriceLocation",
                                                                    "in_assortment": true,
                                                                    "store_id": 420
                                                                },
                                                                {
                                                                    "__typename": "PriceLocation",
                                                                    "in_assortment": true,
                                                                    "store_id": 491
                                                                },
                                                                {
                                                                    "__typename": "PriceLocation",
                                                                    "in_assortment": true,
                                                                    "store_id": 545
                                                                },
                                                                {
                                                                    "__typename": "PriceLocation",
                                                                    "in_assortment": true,
                                                                    "store_id": 546
                                                                },
                                                                {
                                                                    "__typename": "PriceLocation",
                                                                    "in_assortment": true,
                                                                    "store_id": 552
                                                                },
                                                                {
                                                                    "__typename": "PriceLocation",
                                                                    "in_assortment": true,
                                                                    "store_id": 653
                                                                },
                                                                {
                                                                    "__typename": "PriceLocation",
                                                                    "in_assortment": true,
                                                                    "store_id": 747
                                                                }
                                                            ]
                                                        },
                                                        {
                                                            "alcoholRestricted": false,
                                                            "baseImageUrl": "https://images.heb.com/is/image/HEBGrocery/000442356-1",
                                                            "title": "Fresh Lime, Each",
                                                            "description": "Limes have a tart, acidic taste with just a slight hint of sweetness. Bright and vibrant in color and flavor, lime juice and zest adds tartness and brightness to a variety of dishes.\u003cbr\u003e\u003cbr\u003e\u0026bull; Fresh limes sold individually\u003cbr\u003e\u0026bull; Tart, acidic taste\u003cbr\u003e\u0026bull; Bright and vibrant in color and flavor",
                                                            "minimumQuantity": 1,
                                                            "maximumQuantity": 20,
                                                            "orderIncrement": 1,
                                                            "soldBy": "EACH",
                                                            "amount": 0.49,
                                                            "price": "$0.49",
                                                            "listPrice": "$0.49",
                                                            "priceUom": "ea",
                                                            "isOnSale": false,
                                                            "savings": null,
                                                            "eawtDetails": null,
                                                            "categoryPath": [
                                                                {
                                                                    "id": "483475",
                                                                    "name": "Fruits \u0026 Vegetables",
                                                                    "nameSlug": null,
                                                                    "idPath": null
                                                                },
                                                                {
                                                                    "id": "483627",
                                                                    "name": "Fruit",
                                                                    "nameSlug": null,
                                                                    "idPath": null
                                                                },
                                                                {
                                                                    "id": "1179939",
                                                                    "name": "Citrus",
                                                                    "nameSlug": null,
                                                                    "idPath": null
                                                                },
                                                                {
                                                                    "id": "1179941",
                                                                    "name": "Limes",
                                                                    "nameSlug": null,
                                                                    "idPath": null
                                                                }
                                                            ],
                                                            "nutrifactsUrl": "https://services.centralmarket.com/cm-catalog/catalog/v1/nutrifacts/442356",
                                                            "productId": "442356",
                                                            "categoryIdPath": "483475.483627.1179939.1179941",
                                                            "isAvailable": true,
                                                            "isSnapEligible": null,
                                                            "restrictions": null,
                                                            "brand": null,
                                                            "ownBrand": false,
                                                            "position": 15,
                                                            "categories": [
                                                                {
                                                                    "id": null,
                                                                    "name": null,
                                                                    "idPath": null
                                                                },
                                                                {
                                                                    "id": null,
                                                                    "name": null,
                                                                    "idPath": null
                                                                },
                                                                {
                                                                    "id": null,
                                                                    "name": null,
                                                                    "idPath": null
                                                                },
                                                                {
                                                                    "id": null,
                                                                    "name": null,
                                                                    "idPath": null
                                                                }
                                                            ],
                                                            "onEvent": null,
                                                            "preferences": null,
                                                            "productPresentation": null,
                                                            "presentationComponent": null,
                                                            "productComponents": [
                                                            ],
                                                            "presentationPriceRange": null,
                                                            "new": false,
                                                            "on_ad": false,
                                                            "productBadge": null,
                                                            "price_locations": [
                                                                {
                                                                    "__typename": "PriceLocation",
                                                                    "in_assortment": true,
                                                                    "store_id": 55
                                                                },
                                                                {
                                                                    "__typename": "PriceLocation",
                                                                    "in_assortment": true,
                                                                    "store_id": 61
                                                                },
                                                                {
                                                                    "__typename": "PriceLocation",
                                                                    "in_assortment": true,
                                                                    "store_id": 191
                                                                },
                                                                {
                                                                    "__typename": "PriceLocation",
                                                                    "in_assortment": true,
                                                                    "store_id": 420
                                                                },
                                                                {
                                                                    "__typename": "PriceLocation",
                                                                    "in_assortment": true,
                                                                    "store_id": 491
                                                                },
                                                                {
                                                                    "__typename": "PriceLocation",
                                                                    "in_assortment": true,
                                                                    "store_id": 545
                                                                },
                                                                {
                                                                    "__typename": "PriceLocation",
                                                                    "in_assortment": true,
                                                                    "store_id": 546
                                                                },
                                                                {
                                                                    "__typename": "PriceLocation",
                                                                    "in_assortment": true,
                                                                    "store_id": 552
                                                                },
                                                                {
                                                                    "__typename": "PriceLocation",
                                                                    "in_assortment": true,
                                                                    "store_id": 653
                                                                },
                                                                {
                                                                    "__typename": "PriceLocation",
                                                                    "in_assortment": true,
                                                                    "store_id": 747
                                                                }
                                                            ]
                                                        },
                                                        {
                                                            "alcoholRestricted": false,
                                                            "baseImageUrl": "https://images.heb.com/is/image/HEBGrocery/000321290-1",
                                                            "title": "Fresh Blackberries, 6  oz",
                                                            "description": "Fresh blackberries are a tart, yet sweet fruit. They're easy to enjoy with your favorite breakfast, like yogurt, oatmeal, smoothies and pancakes. Or use some in baked desserts, like blackberry pie or fruit cobbler.\u003cbr\u003e\u003cbr\u003e\u0026bull; Fresh blackberries\u003cbr\u003e\u0026bull; Sweet-tart taste\u003cbr\u003e\u0026bull; Packaged in resealable container",
                                                            "minimumQuantity": 1,
                                                            "maximumQuantity": 20,
                                                            "orderIncrement": 1,
                                                            "soldBy": "EACH",
                                                            "amount": 4.49,
                                                            "price": "$4.49",
                                                            "listPrice": "$4.49",
                                                            "priceUom": "ea",
                                                            "isOnSale": false,
                                                            "savings": null,
                                                            "eawtDetails": null,
                                                            "categoryPath": [
                                                                {
                                                                    "id": "483475",
                                                                    "name": "Fruits \u0026 Vegetables",
                                                                    "nameSlug": null,
                                                                    "idPath": null
                                                                },
                                                                {
                                                                    "id": "483627",
                                                                    "name": "Fruit",
                                                                    "nameSlug": null,
                                                                    "idPath": null
                                                                },
                                                                {
                                                                    "id": "483631",
                                                                    "name": "Berries",
                                                                    "nameSlug": null,
                                                                    "idPath": null
                                                                }
                                                            ],
                                                            "nutrifactsUrl": null,
                                                            "productId": "321290",
                                                            "categoryIdPath": "483475.483627.483631",
                                                            "isAvailable": true,
                                                            "isSnapEligible": null,
                                                            "restrictions": null,
                                                            "brand": null,
                                                            "ownBrand": false,
                                                            "position": 16,
                                                            "categories": [
                                                                {
                                                                    "id": null,
                                                                    "name": null,
                                                                    "idPath": null
                                                                },
                                                                {
                                                                    "id": null,
                                                                    "name": null,
                                                                    "idPath": null
                                                                },
                                                                {
                                                                    "id": null,
                                                                    "name": null,
                                                                    "idPath": null
                                                                }
                                                            ],
                                                            "onEvent": null,
                                                            "preferences": null,
                                                            "productPresentation": null,
                                                            "presentationComponent": null,
                                                            "productComponents": [
                                                            ],
                                                            "presentationPriceRange": null,
                                                            "new": false,
                                                            "on_ad": false,
                                                            "productBadge": null,
                                                            "price_locations": [
                                                                {
                                                                    "__typename": "PriceLocation",
                                                                    "in_assortment": true,
                                                                    "store_id": 55
                                                                },
                                                                {
                                                                    "__typename": "PriceLocation",
                                                                    "in_assortment": true,
                                                                    "store_id": 61
                                                                },
                                                                {
                                                                    "__typename": "PriceLocation",
                                                                    "in_assortment": true,
                                                                    "store_id": 191
                                                                },
                                                                {
                                                                    "__typename": "PriceLocation",
                                                                    "in_assortment": true,
                                                                    "store_id": 420
                                                                },
                                                                {
                                                                    "__typename": "PriceLocation",
                                                                    "in_assortment": true,
                                                                    "store_id": 491
                                                                },
                                                                {
                                                                    "__typename": "PriceLocation",
                                                                    "in_assortment": true,
                                                                    "store_id": 545
                                                                },
                                                                {
                                                                    "__typename": "PriceLocation",
                                                                    "in_assortment": true,
                                                                    "store_id": 546
                                                                },
                                                                {
                                                                    "__typename": "PriceLocation",
                                                                    "in_assortment": true,
                                                                    "store_id": 552
                                                                },
                                                                {
                                                                    "__typename": "PriceLocation",
                                                                    "in_assortment": true,
                                                                    "store_id": 653
                                                                },
                                                                {
                                                                    "__typename": "PriceLocation",
                                                                    "in_assortment": true,
                                                                    "store_id": 747
                                                                }
                                                            ]
                                                        },
                                                        {
                                                            "alcoholRestricted": false,
                                                            "baseImageUrl": "https://images.heb.com/is/image/HEBGrocery/000320384-1",
                                                            "title": "Fresh Organic Lemon, ea",
                                                            "description": "Organic Lemons are USDA certified grown lemons. Enjoy these fresh and juicy citruses in your favorite recipes, drinks, and more!",
                                                            "minimumQuantity": 1,
                                                            "maximumQuantity": 20,
                                                            "orderIncrement": 1,
                                                            "soldBy": "EACH",
                                                            "amount": 0.99,
                                                            "price": "$0.99",
                                                            "listPrice": "$0.99",
                                                            "priceUom": "ea",
                                                            "isOnSale": false,
                                                            "savings": null,
                                                            "eawtDetails": null,
                                                            "categoryPath": [
                                                                {
                                                                    "id": "483475",
                                                                    "name": "Fruits \u0026 Vegetables",
                                                                    "nameSlug": null,
                                                                    "idPath": null
                                                                },
                                                                {
                                                                    "id": "483627",
                                                                    "name": "Fruit",
                                                                    "nameSlug": null,
                                                                    "idPath": null
                                                                },
                                                                {
                                                                    "id": "1179939",
                                                                    "name": "Citrus",
                                                                    "nameSlug": null,
                                                                    "idPath": null
                                                                },
                                                                {
                                                                    "id": "1179940",
                                                                    "name": "Lemons",
                                                                    "nameSlug": null,
                                                                    "idPath": null
                                                                }
                                                            ],
                                                            "nutrifactsUrl": null,
                                                            "productId": "320384",
                                                            "categoryIdPath": "483475.483627.1179939.1179940",
                                                            "isAvailable": true,
                                                            "isSnapEligible": null,
                                                            "restrictions": null,
                                                            "brand": null,
                                                            "ownBrand": false,
                                                            "position": 17,
                                                            "categories": [
                                                                {
                                                                    "id": null,
                                                                    "name": null,
                                                                    "idPath": null
                                                                },
                                                                {
                                                                    "id": null,
                                                                    "name": null,
                                                                    "idPath": null
                                                                },
                                                                {
                                                                    "id": null,
                                                                    "name": null,
                                                                    "idPath": null
                                                                },
                                                                {
                                                                    "id": null,
                                                                    "name": null,
                                                                    "idPath": null
                                                                }
                                                            ],
                                                            "onEvent": null,
                                                            "preferences": null,
                                                            "productPresentation": null,
                                                            "presentationComponent": null,
                                                            "productComponents": [
                                                            ],
                                                            "presentationPriceRange": null,
                                                            "new": false,
                                                            "on_ad": false,
                                                            "productBadge": null,
                                                            "price_locations": [
                                                                {
                                                                    "__typename": "PriceLocation",
                                                                    "in_assortment": true,
                                                                    "store_id": 55
                                                                },
                                                                {
                                                                    "__typename": "PriceLocation",
                                                                    "in_assortment": true,
                                                                    "store_id": 61
                                                                },
                                                                {
                                                                    "__typename": "PriceLocation",
                                                                    "in_assortment": true,
                                                                    "store_id": 191
                                                                },
                                                                {
                                                                    "__typename": "PriceLocation",
                                                                    "in_assortment": true,
                                                                    "store_id": 420
                                                                },
                                                                {
                                                                    "__typename": "PriceLocation",
                                                                    "in_assortment": true,
                                                                    "store_id": 491
                                                                },
                                                                {
                                                                    "__typename": "PriceLocation",
                                                                    "in_assortment": true,
                                                                    "store_id": 545
                                                                },
                                                                {
                                                                    "__typename": "PriceLocation",
                                                                    "in_assortment": true,
                                                                    "store_id": 546
                                                                },
                                                                {
                                                                    "__typename": "PriceLocation",
                                                                    "in_assortment": true,
                                                                    "store_id": 552
                                                                },
                                                                {
                                                                    "__typename": "PriceLocation",
                                                                    "in_assortment": true,
                                                                    "store_id": 653
                                                                },
                                                                {
                                                                    "__typename": "PriceLocation",
                                                                    "in_assortment": true,
                                                                    "store_id": 747
                                                                }
                                                            ]
                                                        },
                                                        {
                                                            "alcoholRestricted": false,
                                                            "baseImageUrl": "https://images.heb.com/is/image/HEBGrocery/001564286-1",
                                                            "title": "Central Market Small Prepless Red \u0026 Green Grapes",
                                                            "description": "Sweet, juicy grapes ready for snacking.",
                                                            "minimumQuantity": 1,
                                                            "maximumQuantity": 20,
                                                            "orderIncrement": 1,
                                                            "soldBy": "EAWT",
                                                            "amount": 4.19,
                                                            "price": "$4.19",
                                                            "listPrice": "$4.19",
                                                            "priceUom": "ea",
                                                            "isOnSale": false,
                                                            "savings": null,
                                                            "eawtDetails": {
                                                                "averageWeight": 0.7,
                                                                "uom": "lb",
                                                                "price": "$5.99",
                                                                "amount": 5.99
                                                            },
                                                            "categoryPath": [
                                                                {
                                                                    "id": "483475",
                                                                    "name": "Fruits \u0026 Vegetables",
                                                                    "nameSlug": null,
                                                                    "idPath": null
                                                                },
                                                                {
                                                                    "id": "483627",
                                                                    "name": "Fruit",
                                                                    "nameSlug": null,
                                                                    "idPath": null
                                                                },
                                                                {
                                                                    "id": "1179949",
                                                                    "name": "Pre-Cut",
                                                                    "nameSlug": null,
                                                                    "idPath": null
                                                                }
                                                            ],
                                                            "nutrifactsUrl": "https://services.centralmarket.com/cm-catalog/catalog/v1/nutrifacts/1564286",
                                                            "productId": "1564286",
                                                            "categoryIdPath": "483475.483627.1179949",
                                                            "isAvailable": true,
                                                            "isSnapEligible": null,
                                                            "restrictions": null,
                                                            "brand": null,
                                                            "ownBrand": false,
                                                            "position": 18,
                                                            "categories": [
                                                                {
                                                                    "id": null,
                                                                    "name": null,
                                                                    "idPath": null
                                                                },
                                                                {
                                                                    "id": null,
                                                                    "name": null,
                                                                    "idPath": null
                                                                },
                                                                {
                                                                    "id": null,
                                                                    "name": null,
                                                                    "idPath": null
                                                                }
                                                            ],
                                                            "onEvent": null,
                                                            "preferences": null,
                                                            "productPresentation": null,
                                                            "presentationComponent": null,
                                                            "productComponents": [
                                                            ],
                                                            "presentationPriceRange": null,
                                                            "new": false,
                                                            "on_ad": false,
                                                            "productBadge": null,
                                                            "price_locations": [
                                                                {
                                                                    "__typename": "PriceLocation",
                                                                    "in_assortment": true,
                                                                    "store_id": 55
                                                                },
                                                                {
                                                                    "__typename": "PriceLocation",
                                                                    "in_assortment": true,
                                                                    "store_id": 61
                                                                },
                                                                {
                                                                    "__typename": "PriceLocation",
                                                                    "in_assortment": true,
                                                                    "store_id": 191
                                                                },
                                                                {
                                                                    "__typename": "PriceLocation",
                                                                    "in_assortment": true,
                                                                    "store_id": 420
                                                                },
                                                                {
                                                                    "__typename": "PriceLocation",
                                                                    "in_assortment": true,
                                                                    "store_id": 491
                                                                },
                                                                {
                                                                    "__typename": "PriceLocation",
                                                                    "in_assortment": true,
                                                                    "store_id": 545
                                                                },
                                                                {
                                                                    "__typename": "PriceLocation",
                                                                    "in_assortment": true,
                                                                    "store_id": 546
                                                                },
                                                                {
                                                                    "__typename": "PriceLocation",
                                                                    "in_assortment": true,
                                                                    "store_id": 552
                                                                },
                                                                {
                                                                    "__typename": "PriceLocation",
                                                                    "in_assortment": true,
                                                                    "store_id": 653
                                                                },
                                                                {
                                                                    "__typename": "PriceLocation",
                                                                    "in_assortment": true,
                                                                    "store_id": 747
                                                                }
                                                            ]
                                                        },
                                                        {
                                                            "alcoholRestricted": false,
                                                            "baseImageUrl": "https://images.heb.com/is/image/HEBGrocery/001571640-1",
                                                            "title": "Central Market Small Prepless Pineapple Chunks",
                                                            "description": "Fresh, sweet pineapple  cut and ready to eat.",
                                                            "minimumQuantity": 1,
                                                            "maximumQuantity": 20,
                                                            "orderIncrement": 1,
                                                            "soldBy": "EAWT",
                                                            "amount": 4.19,
                                                            "price": "$4.19",
                                                            "listPrice": "$4.19",
                                                            "priceUom": "ea",
                                                            "isOnSale": false,
                                                            "savings": null,
                                                            "eawtDetails": {
                                                                "averageWeight": 0.7,
                                                                "uom": "lb",
                                                                "price": "$5.99",
                                                                "amount": 5.99
                                                            },
                                                            "categoryPath": [
                                                                {
                                                                    "id": "483475",
                                                                    "name": "Fruits \u0026 Vegetables",
                                                                    "nameSlug": null,
                                                                    "idPath": null
                                                                },
                                                                {
                                                                    "id": "483627",
                                                                    "name": "Fruit",
                                                                    "nameSlug": null,
                                                                    "idPath": null
                                                                },
                                                                {
                                                                    "id": "1179949",
                                                                    "name": "Pre-Cut",
                                                                    "nameSlug": null,
                                                                    "idPath": null
                                                                }
                                                            ],
                                                            "nutrifactsUrl": "https://services.centralmarket.com/cm-catalog/catalog/v1/nutrifacts/1571640",
                                                            "productId": "1571640",
                                                            "categoryIdPath": "483475.483627.1179949",
                                                            "isAvailable": true,
                                                            "isSnapEligible": null,
                                                            "restrictions": null,
                                                            "brand": null,
                                                            "ownBrand": false,
                                                            "position": 19,
                                                            "categories": [
                                                                {
                                                                    "id": null,
                                                                    "name": null,
                                                                    "idPath": null
                                                                },
                                                                {
                                                                    "id": null,
                                                                    "name": null,
                                                                    "idPath": null
                                                                },
                                                                {
                                                                    "id": null,
                                                                    "name": null,
                                                                    "idPath": null
                                                                }
                                                            ],
                                                            "onEvent": null,
                                                            "preferences": null,
                                                            "productPresentation": null,
                                                            "presentationComponent": null,
                                                            "productComponents": [
                                                            ],
                                                            "presentationPriceRange": null,
                                                            "new": false,
                                                            "on_ad": false,
                                                            "productBadge": null,
                                                            "price_locations": [
                                                                {
                                                                    "__typename": "PriceLocation",
                                                                    "in_assortment": true,
                                                                    "store_id": 55
                                                                },
                                                                {
                                                                    "__typename": "PriceLocation",
                                                                    "in_assortment": true,
                                                                    "store_id": 61
                                                                },
                                                                {
                                                                    "__typename": "PriceLocation",
                                                                    "in_assortment": true,
                                                                    "store_id": 191
                                                                },
                                                                {
                                                                    "__typename": "PriceLocation",
                                                                    "in_assortment": true,
                                                                    "store_id": 420
                                                                },
                                                                {
                                                                    "__typename": "PriceLocation",
                                                                    "in_assortment": true,
                                                                    "store_id": 491
                                                                },
                                                                {
                                                                    "__typename": "PriceLocation",
                                                                    "in_assortment": true,
                                                                    "store_id": 545
                                                                },
                                                                {
                                                                    "__typename": "PriceLocation",
                                                                    "in_assortment": true,
                                                                    "store_id": 546
                                                                },
                                                                {
                                                                    "__typename": "PriceLocation",
                                                                    "in_assortment": true,
                                                                    "store_id": 552
                                                                },
                                                                {
                                                                    "__typename": "PriceLocation",
                                                                    "in_assortment": true,
                                                                    "store_id": 653
                                                                },
                                                                {
                                                                    "__typename": "PriceLocation",
                                                                    "in_assortment": true,
                                                                    "store_id": 747
                                                                }
                                                            ]
                                                        },
                                                        {
                                                            "alcoholRestricted": false,
                                                            "baseImageUrl": "https://images.heb.com/is/image/HEBGrocery/000375269-1",
                                                            "title": "Fresh Kiwi Fruit, Each",
                                                            "description": "An edible berry, green kiwis (or kiwifruit) are sweet with a slight citrusy bite. Underneath the fuzzy-soft brown skin, theres an inner green flesh thats dotted with edible black seeds. Handy for making both sweet and savory recipes, kiwis are an especially great fruit to use as a meat tenderizer.\u003cbr\u003e\u003cbr\u003e\u0026bull; Fresh kiwi (sold individually)\u003cbr\u003e\u0026bull; Sweet with a citrusy kick\u003cbr\u003e\u0026bull; Fuzzy brown skin\u003cbr\u003e\u0026bull; Green flesh dotted with edible black seeds\u003cbr\u003e\u0026bull; Use for sweet or savory recipes\u003cbr\u003e\u0026bull; Entirely edible (skin and flesh)",
                                                            "minimumQuantity": 1,
                                                            "maximumQuantity": 20,
                                                            "orderIncrement": 1,
                                                            "soldBy": "EACH",
                                                            "amount": 1,
                                                            "price": "2 for $2.00",
                                                            "listPrice": "2 for $2.00",
                                                            "priceUom": null,
                                                            "isOnSale": false,
                                                            "savings": null,
                                                            "eawtDetails": null,
                                                            "categoryPath": [
                                                                {
                                                                    "id": "483475",
                                                                    "name": "Fruits \u0026 Vegetables",
                                                                    "nameSlug": null,
                                                                    "idPath": null
                                                                },
                                                                {
                                                                    "id": "483627",
                                                                    "name": "Fruit",
                                                                    "nameSlug": null,
                                                                    "idPath": null
                                                                },
                                                                {
                                                                    "id": "1179951",
                                                                    "name": "Tropical \u0026 Specialty",
                                                                    "nameSlug": null,
                                                                    "idPath": null
                                                                }
                                                            ],
                                                            "nutrifactsUrl": "https://services.centralmarket.com/cm-catalog/catalog/v1/nutrifacts/375269",
                                                            "productId": "375269",
                                                            "categoryIdPath": "483475.483627.1179951",
                                                            "isAvailable": true,
                                                            "isSnapEligible": null,
                                                            "restrictions": null,
                                                            "brand": null,
                                                            "ownBrand": false,
                                                            "position": 20,
                                                            "categories": [
                                                                {
                                                                    "id": null,
                                                                    "name": null,
                                                                    "idPath": null
                                                                },
                                                                {
                                                                    "id": null,
                                                                    "name": null,
                                                                    "idPath": null
                                                                },
                                                                {
                                                                    "id": null,
                                                                    "name": null,
                                                                    "idPath": null
                                                                }
                                                            ],
                                                            "onEvent": null,
                                                            "preferences": null,
                                                            "productPresentation": null,
                                                            "presentationComponent": null,
                                                            "productComponents": [
                                                            ],
                                                            "presentationPriceRange": null,
                                                            "new": false,
                                                            "on_ad": false,
                                                            "productBadge": null,
                                                            "price_locations": [
                                                                {
                                                                    "__typename": "PriceLocation",
                                                                    "in_assortment": true,
                                                                    "store_id": 55
                                                                },
                                                                {
                                                                    "__typename": "PriceLocation",
                                                                    "in_assortment": true,
                                                                    "store_id": 61
                                                                },
                                                                {
                                                                    "__typename": "PriceLocation",
                                                                    "in_assortment": true,
                                                                    "store_id": 191
                                                                },
                                                                {
                                                                    "__typename": "PriceLocation",
                                                                    "in_assortment": true,
                                                                    "store_id": 420
                                                                },
                                                                {
                                                                    "__typename": "PriceLocation",
                                                                    "in_assortment": true,
                                                                    "store_id": 491
                                                                },
                                                                {
                                                                    "__typename": "PriceLocation",
                                                                    "in_assortment": true,
                                                                    "store_id": 545
                                                                },
                                                                {
                                                                    "__typename": "PriceLocation",
                                                                    "in_assortment": true,
                                                                    "store_id": 546
                                                                },
                                                                {
                                                                    "__typename": "PriceLocation",
                                                                    "in_assortment": true,
                                                                    "store_id": 552
                                                                },
                                                                {
                                                                    "__typename": "PriceLocation",
                                                                    "in_assortment": true,
                                                                    "store_id": 653
                                                                },
                                                                {
                                                                    "__typename": "PriceLocation",
                                                                    "in_assortment": true,
                                                                    "store_id": 747
                                                                }
                                                            ]
                                                        },
                                                        {
                                                            "alcoholRestricted": false,
                                                            "baseImageUrl": "https://images.heb.com/is/image/HEBGrocery/000466634-1",
                                                            "title": "Fresh Honeycrisp Apple",
                                                            "description": "Sweetly tart and crisp, Honeycrisp apples have a balanced amount of sugar and acidity. Great for dicing and adding to coleslaw or chopped salads, they maintain their flavor even when cooked. Bake a Honeycrisp apple pie or in a mocktail.\u003cbr\u003e\u003cbr\u003e\u0026bull; Honeycrisp apples\u003cbr\u003e\u0026bull; Semi-tart flavor and crisp texture\u003cbr\u003e\u0026bull; Great for making apple pie, applesauce and as an ingredient in a mocktail",
                                                            "minimumQuantity": 1,
                                                            "maximumQuantity": 20,
                                                            "orderIncrement": 1,
                                                            "soldBy": "EAWT",
                                                            "amount": 1.61,
                                                            "price": "$1.61",
                                                            "listPrice": "$1.61",
                                                            "priceUom": "ea",
                                                            "isOnSale": false,
                                                            "savings": null,
                                                            "eawtDetails": {
                                                                "averageWeight": 0.65,
                                                                "uom": "lb",
                                                                "price": "$2.49",
                                                                "amount": 2.49
                                                            },
                                                            "categoryPath": [
                                                                {
                                                                    "id": "483475",
                                                                    "name": "Fruits \u0026 Vegetables",
                                                                    "nameSlug": null,
                                                                    "idPath": null
                                                                },
                                                                {
                                                                    "id": "483627",
                                                                    "name": "Fruit",
                                                                    "nameSlug": null,
                                                                    "idPath": null
                                                                },
                                                                {
                                                                    "id": "483629",
                                                                    "name": "Apples",
                                                                    "nameSlug": null,
                                                                    "idPath": null
                                                                }
                                                            ],
                                                            "nutrifactsUrl": null,
                                                            "productId": "466634",
                                                            "categoryIdPath": "483475.483627.483629",
                                                            "isAvailable": true,
                                                            "isSnapEligible": null,
                                                            "restrictions": null,
                                                            "brand": null,
                                                            "ownBrand": false,
                                                            "position": 21,
                                                            "categories": [
                                                                {
                                                                    "id": null,
                                                                    "name": null,
                                                                    "idPath": null
                                                                },
                                                                {
                                                                    "id": null,
                                                                    "name": null,
                                                                    "idPath": null
                                                                },
                                                                {
                                                                    "id": null,
                                                                    "name": null,
                                                                    "idPath": null
                                                                }
                                                            ],
                                                            "onEvent": null,
                                                            "preferences": null,
                                                            "productPresentation": null,
                                                            "presentationComponent": null,
                                                            "productComponents": [
                                                            ],
                                                            "presentationPriceRange": null,
                                                            "new": false,
                                                            "on_ad": false,
                                                            "productBadge": null,
                                                            "price_locations": [
                                                                {
                                                                    "__typename": "PriceLocation",
                                                                    "in_assortment": true,
                                                                    "store_id": 55
                                                                },
                                                                {
                                                                    "__typename": "PriceLocation",
                                                                    "in_assortment": true,
                                                                    "store_id": 61
                                                                },
                                                                {
                                                                    "__typename": "PriceLocation",
                                                                    "in_assortment": true,
                                                                    "store_id": 191
                                                                },
                                                                {
                                                                    "__typename": "PriceLocation",
                                                                    "in_assortment": true,
                                                                    "store_id": 420
                                                                },
                                                                {
                                                                    "__typename": "PriceLocation",
                                                                    "in_assortment": true,
                                                                    "store_id": 491
                                                                },
                                                                {
                                                                    "__typename": "PriceLocation",
                                                                    "in_assortment": true,
                                                                    "store_id": 545
                                                                },
                                                                {
                                                                    "__typename": "PriceLocation",
                                                                    "in_assortment": true,
                                                                    "store_id": 546
                                                                },
                                                                {
                                                                    "__typename": "PriceLocation",
                                                                    "in_assortment": true,
                                                                    "store_id": 552
                                                                },
                                                                {
                                                                    "__typename": "PriceLocation",
                                                                    "in_assortment": true,
                                                                    "store_id": 653
                                                                },
                                                                {
                                                                    "__typename": "PriceLocation",
                                                                    "in_assortment": true,
                                                                    "store_id": 747
                                                                }
                                                            ]
                                                        },
                                                        {
                                                            "alcoholRestricted": false,
                                                            "baseImageUrl": "https://images.heb.com/is/image/HEBGrocery/000320790-1",
                                                            "title": "H-E-B Texas Roots Large Grapefruit",
                                                            "description": "Large Grapefruits are the perfect sidekick to a Texas-sized breakfast. Grown locally in Texas, H-E-B Texas Roots Grapefruit is great for juicing or simply cut in half and sprinkled with sugar, theyre deliciously sweet and juicy. Top up on vitamin C while enjoying this citrus fruit.\u003cbr\u003e\u003cbr\u003e\u0026bull; Large fresh grapefruit\u003cbr\u003e\u0026bull; Sold individually\u003cbr\u003e\u0026bull; Sweet and juicy with a slight tartness\u003cbr\u003e\u0026bull; Great for juicing or for breakfast\u003cbr\u003e\u0026bull; Grown in Texas for H-E-B",
                                                            "minimumQuantity": 1,
                                                            "maximumQuantity": 20,
                                                            "orderIncrement": 1,
                                                            "soldBy": "EAWT",
                                                            "amount": 2.01,
                                                            "price": "$2.01",
                                                            "listPrice": "$2.01",
                                                            "priceUom": "ea",
                                                            "isOnSale": false,
                                                            "savings": null,
                                                            "eawtDetails": {
                                                                "averageWeight": 1.2,
                                                                "uom": "lb",
                                                                "price": "$1.68",
                                                                "amount": 1.68
                                                            },
                                                            "categoryPath": [
                                                                {
                                                                    "id": "483475",
                                                                    "name": "Fruits \u0026 Vegetables",
                                                                    "nameSlug": null,
                                                                    "idPath": null
                                                                },
                                                                {
                                                                    "id": "483627",
                                                                    "name": "Fruit",
                                                                    "nameSlug": null,
                                                                    "idPath": null
                                                                },
                                                                {
                                                                    "id": "1179939",
                                                                    "name": "Citrus",
                                                                    "nameSlug": null,
                                                                    "idPath": null
                                                                },
                                                                {
                                                                    "id": "1179942",
                                                                    "name": "Grapefruit",
                                                                    "nameSlug": null,
                                                                    "idPath": null
                                                                }
                                                            ],
                                                            "nutrifactsUrl": null,
                                                            "productId": "320790",
                                                            "categoryIdPath": "483475.483627.1179939.1179942",
                                                            "isAvailable": true,
                                                            "isSnapEligible": null,
                                                            "restrictions": null,
                                                            "brand": null,
                                                            "ownBrand": false,
                                                            "position": 22,
                                                            "categories": [
                                                                {
                                                                    "id": null,
                                                                    "name": null,
                                                                    "idPath": null
                                                                },
                                                                {
                                                                    "id": null,
                                                                    "name": null,
                                                                    "idPath": null
                                                                },
                                                                {
                                                                    "id": null,
                                                                    "name": null,
                                                                    "idPath": null
                                                                },
                                                                {
                                                                    "id": null,
                                                                    "name": null,
                                                                    "idPath": null
                                                                }
                                                            ],
                                                            "onEvent": null,
                                                            "preferences": null,
                                                            "productPresentation": null,
                                                            "presentationComponent": null,
                                                            "productComponents": [
                                                            ],
                                                            "presentationPriceRange": null,
                                                            "new": false,
                                                            "on_ad": false,
                                                            "productBadge": null,
                                                            "price_locations": [
                                                                {
                                                                    "__typename": "PriceLocation",
                                                                    "in_assortment": true,
                                                                    "store_id": 55
                                                                },
                                                                {
                                                                    "__typename": "PriceLocation",
                                                                    "in_assortment": true,
                                                                    "store_id": 61
                                                                },
                                                                {
                                                                    "__typename": "PriceLocation",
                                                                    "in_assortment": true,
                                                                    "store_id": 191
                                                                },
                                                                {
                                                                    "__typename": "PriceLocation",
                                                                    "in_assortment": true,
                                                                    "store_id": 420
                                                                },
                                                                {
                                                                    "__typename": "PriceLocation",
                                                                    "in_assortment": true,
                                                                    "store_id": 491
                                                                },
                                                                {
                                                                    "__typename": "PriceLocation",
                                                                    "in_assortment": true,
                                                                    "store_id": 545
                                                                },
                                                                {
                                                                    "__typename": "PriceLocation",
                                                                    "in_assortment": true,
                                                                    "store_id": 546
                                                                },
                                                                {
                                                                    "__typename": "PriceLocation",
                                                                    "in_assortment": true,
                                                                    "store_id": 552
                                                                },
                                                                {
                                                                    "__typename": "PriceLocation",
                                                                    "in_assortment": true,
                                                                    "store_id": 653
                                                                },
                                                                {
                                                                    "__typename": "PriceLocation",
                                                                    "in_assortment": true,
                                                                    "store_id": 747
                                                                }
                                                            ]
                                                        },
                                                        {
                                                            "alcoholRestricted": false,
                                                            "baseImageUrl": "https://images.heb.com/is/image/HEBGrocery/001564288-1",
                                                            "title": "Central Market Large\u0026nbsp;Prepless Mixed Berries",
                                                            "description": "Berry tasty. A mix of strawberries, blueberries, blackberries, and raspberries ready for packing and snacking.",
                                                            "minimumQuantity": 1,
                                                            "maximumQuantity": 20,
                                                            "orderIncrement": 1,
                                                            "soldBy": "EAWT",
                                                            "amount": 11.99,
                                                            "price": "$11.99",
                                                            "listPrice": "$11.99",
                                                            "priceUom": "ea",
                                                            "isOnSale": false,
                                                            "savings": null,
                                                            "eawtDetails": {
                                                                "averageWeight": 1,
                                                                "uom": "lb",
                                                                "price": "$11.99",
                                                                "amount": 11.99
                                                            },
                                                            "categoryPath": [
                                                                {
                                                                    "id": "483475",
                                                                    "name": "Fruits \u0026 Vegetables",
                                                                    "nameSlug": null,
                                                                    "idPath": null
                                                                },
                                                                {
                                                                    "id": "483627",
                                                                    "name": "Fruit",
                                                                    "nameSlug": null,
                                                                    "idPath": null
                                                                },
                                                                {
                                                                    "id": "1179949",
                                                                    "name": "Pre-Cut",
                                                                    "nameSlug": null,
                                                                    "idPath": null
                                                                }
                                                            ],
                                                            "nutrifactsUrl": "https://services.centralmarket.com/cm-catalog/catalog/v1/nutrifacts/1564288",
                                                            "productId": "1564288",
                                                            "categoryIdPath": "483475.483627.1179949",
                                                            "isAvailable": true,
                                                            "isSnapEligible": null,
                                                            "restrictions": null,
                                                            "brand": null,
                                                            "ownBrand": false,
                                                            "position": 23,
                                                            "categories": [
                                                                {
                                                                    "id": null,
                                                                    "name": null,
                                                                    "idPath": null
                                                                },
                                                                {
                                                                    "id": null,
                                                                    "name": null,
                                                                    "idPath": null
                                                                },
                                                                {
                                                                    "id": null,
                                                                    "name": null,
                                                                    "idPath": null
                                                                }
                                                            ],
                                                            "onEvent": null,
                                                            "preferences": null,
                                                            "productPresentation": null,
                                                            "presentationComponent": null,
                                                            "productComponents": [
                                                            ],
                                                            "presentationPriceRange": null,
                                                            "new": false,
                                                            "on_ad": false,
                                                            "productBadge": null,
                                                            "price_locations": [
                                                                {
                                                                    "__typename": "PriceLocation",
                                                                    "in_assortment": true,
                                                                    "store_id": 55
                                                                },
                                                                {
                                                                    "__typename": "PriceLocation",
                                                                    "in_assortment": true,
                                                                    "store_id": 61
                                                                },
                                                                {
                                                                    "__typename": "PriceLocation",
                                                                    "in_assortment": true,
                                                                    "store_id": 191
                                                                },
                                                                {
                                                                    "__typename": "PriceLocation",
                                                                    "in_assortment": true,
                                                                    "store_id": 420
                                                                },
                                                                {
                                                                    "__typename": "PriceLocation",
                                                                    "in_assortment": true,
                                                                    "store_id": 491
                                                                },
                                                                {
                                                                    "__typename": "PriceLocation",
                                                                    "in_assortment": true,
                                                                    "store_id": 545
                                                                },
                                                                {
                                                                    "__typename": "PriceLocation",
                                                                    "in_assortment": true,
                                                                    "store_id": 546
                                                                },
                                                                {
                                                                    "__typename": "PriceLocation",
                                                                    "in_assortment": true,
                                                                    "store_id": 552
                                                                },
                                                                {
                                                                    "__typename": "PriceLocation",
                                                                    "in_assortment": true,
                                                                    "store_id": 653
                                                                },
                                                                {
                                                                    "__typename": "PriceLocation",
                                                                    "in_assortment": true,
                                                                    "store_id": 747
                                                                }
                                                            ]
                                                        },
                                                        {
                                                            "alcoholRestricted": false,
                                                            "baseImageUrl": "https://images.heb.com/is/image/HEBGrocery/000321234-1",
                                                            "title": "Fresh Black Mission Figs",
                                                            "description": "Black Mission Figs deserve their reputation as the most consistently delicious fresh fig available. While they have a flavor all their own, the taste could be described as a mix of strawberry, melon and banana flavors, with a pleasantly jammy, creamy texture.  \u003cbr\u003e   \u003cbr\u003e  Figs can be enjoyed just as they are, or prepared and cooked. They make an excellent addition to cheese platters and a welcome addition to salads with spicy greens. They are wonderful for homemade jams and preserves as well as cakes and muffins. Stuff figs with cheese or ham, or slice and include in grilled cheese sandwiches. Dip in chocolate for a luscious treat.",
                                                            "minimumQuantity": 1,
                                                            "maximumQuantity": 20,
                                                            "orderIncrement": 1,
                                                            "soldBy": "EAWT",
                                                            "amount": 0.89,
                                                            "price": "$0.89",
                                                            "listPrice": "$0.89",
                                                            "priceUom": "ea",
                                                            "isOnSale": false,
                                                            "savings": null,
                                                            "eawtDetails": {
                                                                "averageWeight": 0.1,
                                                                "uom": "lb",
                                                                "price": "$8.99",
                                                                "amount": 8.99
                                                            },
                                                            "categoryPath": [
                                                                {
                                                                    "id": "483475",
                                                                    "name": "Fruits \u0026 Vegetables",
                                                                    "nameSlug": null,
                                                                    "idPath": null
                                                                },
                                                                {
                                                                    "id": "483627",
                                                                    "name": "Fruit",
                                                                    "nameSlug": null,
                                                                    "idPath": null
                                                                },
                                                                {
                                                                    "id": "1179951",
                                                                    "name": "Tropical \u0026 Specialty",
                                                                    "nameSlug": null,
                                                                    "idPath": null
                                                                }
                                                            ],
                                                            "nutrifactsUrl": "https://services.centralmarket.com/cm-catalog/catalog/v1/nutrifacts/321234",
                                                            "productId": "321234",
                                                            "categoryIdPath": "483475.483627.1179951",
                                                            "isAvailable": true,
                                                            "isSnapEligible": null,
                                                            "restrictions": null,
                                                            "brand": null,
                                                            "ownBrand": false,
                                                            "position": 24,
                                                            "categories": [
                                                                {
                                                                    "id": null,
                                                                    "name": null,
                                                                    "idPath": null
                                                                },
                                                                {
                                                                    "id": null,
                                                                    "name": null,
                                                                    "idPath": null
                                                                },
                                                                {
                                                                    "id": null,
                                                                    "name": null,
                                                                    "idPath": null
                                                                }
                                                            ],
                                                            "onEvent": null,
                                                            "preferences": null,
                                                            "productPresentation": null,
                                                            "presentationComponent": null,
                                                            "productComponents": [
                                                            ],
                                                            "presentationPriceRange": null,
                                                            "new": false,
                                                            "on_ad": false,
                                                            "productBadge": null,
                                                            "price_locations": [
                                                                {
                                                                    "__typename": "PriceLocation",
                                                                    "in_assortment": true,
                                                                    "store_id": 55
                                                                },
                                                                {
                                                                    "__typename": "PriceLocation",
                                                                    "in_assortment": true,
                                                                    "store_id": 61
                                                                },
                                                                {
                                                                    "__typename": "PriceLocation",
                                                                    "in_assortment": true,
                                                                    "store_id": 191
                                                                },
                                                                {
                                                                    "__typename": "PriceLocation",
                                                                    "in_assortment": true,
                                                                    "store_id": 420
                                                                },
                                                                {
                                                                    "__typename": "PriceLocation",
                                                                    "in_assortment": true,
                                                                    "store_id": 491
                                                                },
                                                                {
                                                                    "__typename": "PriceLocation",
                                                                    "in_assortment": true,
                                                                    "store_id": 545
                                                                },
                                                                {
                                                                    "__typename": "PriceLocation",
                                                                    "in_assortment": true,
                                                                    "store_id": 546
                                                                },
                                                                {
                                                                    "__typename": "PriceLocation",
                                                                    "in_assortment": true,
                                                                    "store_id": 552
                                                                },
                                                                {
                                                                    "__typename": "PriceLocation",
                                                                    "in_assortment": false,
                                                                    "store_id": 653
                                                                },
                                                                {
                                                                    "__typename": "PriceLocation",
                                                                    "in_assortment": false,
                                                                    "store_id": 747
                                                                }
                                                            ]
                                                        },
                                                        {
                                                            "alcoholRestricted": false,
                                                            "baseImageUrl": "https://images.heb.com/is/image/HEBGrocery/001947527-1",
                                                            "title": "Fresh SnapDragon Apple",
                                                            "description": "SnapDragon apples are known to have a monster crunch! Super juicy with a crisp texture and mild flavor with hints of vanilla and spice, pack a SnapDragon apple for a quick snack or top salads, waffles and oatmeal to add extra crunch.\u003cbr\u003e\u003cbr\u003e\u0026bull; SnapDragon apple\u003cbr\u003e\u0026bull; Mild flavor with hints of vanilla and spice\u003cbr\u003e\u0026bull; Monster crunch and super juicy\u003cbr\u003e\u0026bull; Snack as-is or top salads, waffles, oatmeal and more",
                                                            "minimumQuantity": 1,
                                                            "maximumQuantity": 20,
                                                            "orderIncrement": 1,
                                                            "soldBy": "EAWT",
                                                            "amount": 1.35,
                                                            "price": "$1.35",
                                                            "listPrice": "$1.35",
                                                            "priceUom": "ea",
                                                            "isOnSale": false,
                                                            "savings": null,
                                                            "eawtDetails": {
                                                                "averageWeight": 0.545,
                                                                "uom": "lb",
                                                                "price": "$2.49",
                                                                "amount": 2.49
                                                            },
                                                            "categoryPath": [
                                                                {
                                                                    "id": "483475",
                                                                    "name": "Fruits \u0026 Vegetables",
                                                                    "nameSlug": null,
                                                                    "idPath": null
                                                                },
                                                                {
                                                                    "id": "483627",
                                                                    "name": "Fruit",
                                                                    "nameSlug": null,
                                                                    "idPath": null
                                                                },
                                                                {
                                                                    "id": "483629",
                                                                    "name": "Apples",
                                                                    "nameSlug": null,
                                                                    "idPath": null
                                                                }
                                                            ],
                                                            "nutrifactsUrl": null,
                                                            "productId": "1947527",
                                                            "categoryIdPath": "483475.483627.483629",
                                                            "isAvailable": true,
                                                            "isSnapEligible": null,
                                                            "restrictions": null,
                                                            "brand": null,
                                                            "ownBrand": false,
                                                            "position": 25,
                                                            "categories": [
                                                                {
                                                                    "id": null,
                                                                    "name": null,
                                                                    "idPath": null
                                                                },
                                                                {
                                                                    "id": null,
                                                                    "name": null,
                                                                    "idPath": null
                                                                },
                                                                {
                                                                    "id": null,
                                                                    "name": null,
                                                                    "idPath": null
                                                                }
                                                            ],
                                                            "onEvent": null,
                                                            "preferences": null,
                                                            "productPresentation": null,
                                                            "presentationComponent": null,
                                                            "productComponents": [
                                                            ],
                                                            "presentationPriceRange": null,
                                                            "new": false,
                                                            "on_ad": false,
                                                            "productBadge": null,
                                                            "price_locations": [
                                                                {
                                                                    "__typename": "PriceLocation",
                                                                    "in_assortment": true,
                                                                    "store_id": 55
                                                                },
                                                                {
                                                                    "__typename": "PriceLocation",
                                                                    "in_assortment": true,
                                                                    "store_id": 61
                                                                },
                                                                {
                                                                    "__typename": "PriceLocation",
                                                                    "in_assortment": true,
                                                                    "store_id": 191
                                                                },
                                                                {
                                                                    "__typename": "PriceLocation",
                                                                    "in_assortment": true,
                                                                    "store_id": 420
                                                                },
                                                                {
                                                                    "__typename": "PriceLocation",
                                                                    "in_assortment": true,
                                                                    "store_id": 491
                                                                },
                                                                {
                                                                    "__typename": "PriceLocation",
                                                                    "in_assortment": true,
                                                                    "store_id": 545
                                                                },
                                                                {
                                                                    "__typename": "PriceLocation",
                                                                    "in_assortment": true,
                                                                    "store_id": 546
                                                                },
                                                                {
                                                                    "__typename": "PriceLocation",
                                                                    "in_assortment": true,
                                                                    "store_id": 552
                                                                },
                                                                {
                                                                    "__typename": "PriceLocation",
                                                                    "in_assortment": true,
                                                                    "store_id": 653
                                                                },
                                                                {
                                                                    "__typename": "PriceLocation",
                                                                    "in_assortment": true,
                                                                    "store_id": 747
                                                                }
                                                            ]
                                                        },
                                                        {
                                                            "alcoholRestricted": false,
                                                            "baseImageUrl": "https://images.heb.com/is/image/HEBGrocery/000886114-1",
                                                            "title": "Fresh Jumbo Pomegranate, Each",
                                                            "description": "On the inside of these jumbo pomegranates there are hundreds of seeds that contain a sweet-tart juice, which are the only edible part of this fruit. To remove the seeds, break apart a pomegranate into 4 - 5 pieces and submerge them into a large bowl of water. The seeds will sink and the inedible white membrane will float to the top, which is easily skimmed away. Enjoy the crunchy, juicy seeds as a snack, or use them to make drinks, sauces or desserts.\u003cbr\u003e\u003cbr\u003e\u0026bull; Fresh pomegranate sold individually\u003cbr\u003e\u0026bull; Only the seeds are edible\u003cbr\u003e\u0026bull; Sweet-tart juice inside seeds\u003cbr\u003e\u0026bull; Use seeds in drinks, sauces and desserts",
                                                            "minimumQuantity": 1,
                                                            "maximumQuantity": 20,
                                                            "orderIncrement": 1,
                                                            "soldBy": "EACH",
                                                            "amount": 4.99,
                                                            "price": "$4.99",
                                                            "listPrice": "$4.99",
                                                            "priceUom": "ea",
                                                            "isOnSale": false,
                                                            "savings": null,
                                                            "eawtDetails": null,
                                                            "categoryPath": [
                                                                {
                                                                    "id": "483475",
                                                                    "name": "Fruits \u0026 Vegetables",
                                                                    "nameSlug": null,
                                                                    "idPath": null
                                                                },
                                                                {
                                                                    "id": "483627",
                                                                    "name": "Fruit",
                                                                    "nameSlug": null,
                                                                    "idPath": null
                                                                },
                                                                {
                                                                    "id": "1179951",
                                                                    "name": "Tropical \u0026 Specialty",
                                                                    "nameSlug": null,
                                                                    "idPath": null
                                                                }
                                                            ],
                                                            "nutrifactsUrl": null,
                                                            "productId": "886114",
                                                            "categoryIdPath": "483475.483627.1179951",
                                                            "isAvailable": true,
                                                            "isSnapEligible": null,
                                                            "restrictions": null,
                                                            "brand": null,
                                                            "ownBrand": false,
                                                            "position": 26,
                                                            "categories": [
                                                                {
                                                                    "id": null,
                                                                    "name": null,
                                                                    "idPath": null
                                                                },
                                                                {
                                                                    "id": null,
                                                                    "name": null,
                                                                    "idPath": null
                                                                },
                                                                {
                                                                    "id": null,
                                                                    "name": null,
                                                                    "idPath": null
                                                                }
                                                            ],
                                                            "onEvent": null,
                                                            "preferences": null,
                                                            "productPresentation": null,
                                                            "presentationComponent": null,
                                                            "productComponents": [
                                                            ],
                                                            "presentationPriceRange": null,
                                                            "new": false,
                                                            "on_ad": false,
                                                            "productBadge": null,
                                                            "price_locations": [
                                                                {
                                                                    "__typename": "PriceLocation",
                                                                    "in_assortment": true,
                                                                    "store_id": 55
                                                                },
                                                                {
                                                                    "__typename": "PriceLocation",
                                                                    "in_assortment": true,
                                                                    "store_id": 61
                                                                },
                                                                {
                                                                    "__typename": "PriceLocation",
                                                                    "in_assortment": true,
                                                                    "store_id": 191
                                                                },
                                                                {
                                                                    "__typename": "PriceLocation",
                                                                    "in_assortment": true,
                                                                    "store_id": 420
                                                                },
                                                                {
                                                                    "__typename": "PriceLocation",
                                                                    "in_assortment": true,
                                                                    "store_id": 491
                                                                },
                                                                {
                                                                    "__typename": "PriceLocation",
                                                                    "in_assortment": true,
                                                                    "store_id": 545
                                                                },
                                                                {
                                                                    "__typename": "PriceLocation",
                                                                    "in_assortment": true,
                                                                    "store_id": 546
                                                                },
                                                                {
                                                                    "__typename": "PriceLocation",
                                                                    "in_assortment": true,
                                                                    "store_id": 552
                                                                },
                                                                {
                                                                    "__typename": "PriceLocation",
                                                                    "in_assortment": true,
                                                                    "store_id": 653
                                                                },
                                                                {
                                                                    "__typename": "PriceLocation",
                                                                    "in_assortment": true,
                                                                    "store_id": 747
                                                                }
                                                            ]
                                                        },
                                                        {
                                                            "alcoholRestricted": false,
                                                            "baseImageUrl": "https://images.heb.com/is/image/HEBGrocery/000320245-1",
                                                            "title": "Organic Red Pears",
                                                            "description": "Organic Red Pears are USDA certified grown pears.",
                                                            "minimumQuantity": 1,
                                                            "maximumQuantity": 20,
                                                            "orderIncrement": 1,
                                                            "soldBy": "EAWT",
                                                            "amount": 2.39,
                                                            "price": "$2.39",
                                                            "listPrice": "$2.39",
                                                            "priceUom": "ea",
                                                            "isOnSale": false,
                                                            "savings": null,
                                                            "eawtDetails": {
                                                                "averageWeight": 0.8,
                                                                "uom": "lb",
                                                                "price": "$2.99",
                                                                "amount": 2.99
                                                            },
                                                            "categoryPath": [
                                                                {
                                                                    "id": "483475",
                                                                    "name": "Fruits \u0026 Vegetables",
                                                                    "nameSlug": null,
                                                                    "idPath": null
                                                                },
                                                                {
                                                                    "id": "483627",
                                                                    "name": "Fruit",
                                                                    "nameSlug": null,
                                                                    "idPath": null
                                                                },
                                                                {
                                                                    "id": "483635",
                                                                    "name": "Pears",
                                                                    "nameSlug": null,
                                                                    "idPath": null
                                                                }
                                                            ],
                                                            "nutrifactsUrl": null,
                                                            "productId": "320245",
                                                            "categoryIdPath": "483475.483627.483635",
                                                            "isAvailable": true,
                                                            "isSnapEligible": null,
                                                            "restrictions": null,
                                                            "brand": null,
                                                            "ownBrand": false,
                                                            "position": 27,
                                                            "categories": [
                                                                {
                                                                    "id": null,
                                                                    "name": null,
                                                                    "idPath": null
                                                                },
                                                                {
                                                                    "id": null,
                                                                    "name": null,
                                                                    "idPath": null
                                                                },
                                                                {
                                                                    "id": null,
                                                                    "name": null,
                                                                    "idPath": null
                                                                }
                                                            ],
                                                            "onEvent": null,
                                                            "preferences": null,
                                                            "productPresentation": null,
                                                            "presentationComponent": null,
                                                            "productComponents": [
                                                            ],
                                                            "presentationPriceRange": null,
                                                            "new": false,
                                                            "on_ad": false,
                                                            "productBadge": null,
                                                            "price_locations": [
                                                                {
                                                                    "__typename": "PriceLocation",
                                                                    "in_assortment": true,
                                                                    "store_id": 55
                                                                },
                                                                {
                                                                    "__typename": "PriceLocation",
                                                                    "in_assortment": true,
                                                                    "store_id": 61
                                                                },
                                                                {
                                                                    "__typename": "PriceLocation",
                                                                    "in_assortment": true,
                                                                    "store_id": 191
                                                                },
                                                                {
                                                                    "__typename": "PriceLocation",
                                                                    "in_assortment": true,
                                                                    "store_id": 420
                                                                },
                                                                {
                                                                    "__typename": "PriceLocation",
                                                                    "in_assortment": true,
                                                                    "store_id": 491
                                                                },
                                                                {
                                                                    "__typename": "PriceLocation",
                                                                    "in_assortment": true,
                                                                    "store_id": 545
                                                                },
                                                                {
                                                                    "__typename": "PriceLocation",
                                                                    "in_assortment": true,
                                                                    "store_id": 546
                                                                },
                                                                {
                                                                    "__typename": "PriceLocation",
                                                                    "in_assortment": true,
                                                                    "store_id": 552
                                                                },
                                                                {
                                                                    "__typename": "PriceLocation",
                                                                    "in_assortment": true,
                                                                    "store_id": 653
                                                                },
                                                                {
                                                                    "__typename": "PriceLocation",
                                                                    "in_assortment": true,
                                                                    "store_id": 747
                                                                }
                                                            ]
                                                        },
                                                        {
                                                            "alcoholRestricted": false,
                                                            "baseImageUrl": "https://images.heb.com/is/image/HEBGrocery/001830154-1",
                                                            "title": "Fresh Organic Opal Gold Apples",
                                                            "description": "Fresh Organic Opal Gold Apples",
                                                            "minimumQuantity": 1,
                                                            "maximumQuantity": 20,
                                                            "orderIncrement": 1,
                                                            "soldBy": "EAWT",
                                                            "amount": 2.09,
                                                            "price": "$2.09",
                                                            "listPrice": "$2.09",
                                                            "priceUom": "ea",
                                                            "isOnSale": false,
                                                            "savings": null,
                                                            "eawtDetails": {
                                                                "averageWeight": 0.6,
                                                                "uom": "lb",
                                                                "price": "$3.49",
                                                                "amount": 3.49
                                                            },
                                                            "categoryPath": [
                                                                {
                                                                    "id": "483475",
                                                                    "name": "Fruits \u0026 Vegetables",
                                                                    "nameSlug": null,
                                                                    "idPath": null
                                                                },
                                                                {
                                                                    "id": "483627",
                                                                    "name": "Fruit",
                                                                    "nameSlug": null,
                                                                    "idPath": null
                                                                },
                                                                {
                                                                    "id": "483629",
                                                                    "name": "Apples",
                                                                    "nameSlug": null,
                                                                    "idPath": null
                                                                }
                                                            ],
                                                            "nutrifactsUrl": null,
                                                            "productId": "1830154",
                                                            "categoryIdPath": "483475.483627.483629",
                                                            "isAvailable": true,
                                                            "isSnapEligible": null,
                                                            "restrictions": null,
                                                            "brand": null,
                                                            "ownBrand": false,
                                                            "position": 28,
                                                            "categories": [
                                                                {
                                                                    "id": null,
                                                                    "name": null,
                                                                    "idPath": null
                                                                },
                                                                {
                                                                    "id": null,
                                                                    "name": null,
                                                                    "idPath": null
                                                                },
                                                                {
                                                                    "id": null,
                                                                    "name": null,
                                                                    "idPath": null
                                                                }
                                                            ],
                                                            "onEvent": null,
                                                            "preferences": null,
                                                            "productPresentation": null,
                                                            "presentationComponent": null,
                                                            "productComponents": [
                                                            ],
                                                            "presentationPriceRange": null,
                                                            "new": false,
                                                            "on_ad": false,
                                                            "productBadge": null,
                                                            "price_locations": [
                                                                {
                                                                    "__typename": "PriceLocation",
                                                                    "in_assortment": true,
                                                                    "store_id": 55
                                                                },
                                                                {
                                                                    "__typename": "PriceLocation",
                                                                    "in_assortment": true,
                                                                    "store_id": 61
                                                                },
                                                                {
                                                                    "__typename": "PriceLocation",
                                                                    "in_assortment": true,
                                                                    "store_id": 191
                                                                },
                                                                {
                                                                    "__typename": "PriceLocation",
                                                                    "in_assortment": true,
                                                                    "store_id": 420
                                                                },
                                                                {
                                                                    "__typename": "PriceLocation",
                                                                    "in_assortment": true,
                                                                    "store_id": 491
                                                                },
                                                                {
                                                                    "__typename": "PriceLocation",
                                                                    "in_assortment": true,
                                                                    "store_id": 545
                                                                },
                                                                {
                                                                    "__typename": "PriceLocation",
                                                                    "in_assortment": true,
                                                                    "store_id": 546
                                                                },
                                                                {
                                                                    "__typename": "PriceLocation",
                                                                    "in_assortment": true,
                                                                    "store_id": 552
                                                                },
                                                                {
                                                                    "__typename": "PriceLocation",
                                                                    "in_assortment": false,
                                                                    "store_id": 653
                                                                },
                                                                {
                                                                    "__typename": "PriceLocation",
                                                                    "in_assortment": false,
                                                                    "store_id": 747
                                                                }
                                                            ]
                                                        },
                                                        {
                                                            "alcoholRestricted": false,
                                                            "baseImageUrl": "https://images.heb.com/is/image/HEBGrocery/000320720-1",
                                                            "title": "Fresh Bosc Pear",
                                                            "description": "Crisp with a honey-like sweetness, Bosc pears are golden-colored with a firmer flesh than other varieties. This makes them ideal for baking, broiling or poaching  you can even top some halves with a scoop of ice cream! And since the Bosc goes well with blue cheese and aged cheddar, it's a tasty addition to any charcuterie board.\u003cbr\u003e\u003cbr\u003e\u0026bull; Bosc pear (1 \"Add to Cart\" = 1 pear)\u003cbr\u003e\u0026bull; Crisp with a honey-like sweetness\u003cbr\u003e\u0026bull; Golden-colored skin\u003cbr\u003e\u0026bull; Oblong shape\u003cbr\u003e\u0026bull; Firm flesh\u003cbr\u003e\u0026bull; Great for baking, broiling or poaching",
                                                            "minimumQuantity": 1,
                                                            "maximumQuantity": 20,
                                                            "orderIncrement": 1,
                                                            "soldBy": "EAWT",
                                                            "amount": 1.24,
                                                            "price": "$1.24",
                                                            "listPrice": "$1.24",
                                                            "priceUom": "ea",
                                                            "isOnSale": false,
                                                            "savings": null,
                                                            "eawtDetails": {
                                                                "averageWeight": 0.5,
                                                                "uom": "lb",
                                                                "price": "$2.49",
                                                                "amount": 2.49
                                                            },
                                                            "categoryPath": [
                                                                {
                                                                    "id": "483475",
                                                                    "name": "Fruits \u0026 Vegetables",
                                                                    "nameSlug": null,
                                                                    "idPath": null
                                                                },
                                                                {
                                                                    "id": "483627",
                                                                    "name": "Fruit",
                                                                    "nameSlug": null,
                                                                    "idPath": null
                                                                },
                                                                {
                                                                    "id": "483635",
                                                                    "name": "Pears",
                                                                    "nameSlug": null,
                                                                    "idPath": null
                                                                }
                                                            ],
                                                            "nutrifactsUrl": "https://services.centralmarket.com/cm-catalog/catalog/v1/nutrifacts/320720",
                                                            "productId": "320720",
                                                            "categoryIdPath": "483475.483627.483635",
                                                            "isAvailable": true,
                                                            "isSnapEligible": null,
                                                            "restrictions": null,
                                                            "brand": null,
                                                            "ownBrand": false,
                                                            "position": 29,
                                                            "categories": [
                                                                {
                                                                    "id": null,
                                                                    "name": null,
                                                                    "idPath": null
                                                                },
                                                                {
                                                                    "id": null,
                                                                    "name": null,
                                                                    "idPath": null
                                                                },
                                                                {
                                                                    "id": null,
                                                                    "name": null,
                                                                    "idPath": null
                                                                }
                                                            ],
                                                            "onEvent": null,
                                                            "preferences": null,
                                                            "productPresentation": null,
                                                            "presentationComponent": null,
                                                            "productComponents": [
                                                            ],
                                                            "presentationPriceRange": null,
                                                            "new": false,
                                                            "on_ad": false,
                                                            "productBadge": null,
                                                            "price_locations": [
                                                                {
                                                                    "__typename": "PriceLocation",
                                                                    "in_assortment": true,
                                                                    "store_id": 55
                                                                },
                                                                {
                                                                    "__typename": "PriceLocation",
                                                                    "in_assortment": true,
                                                                    "store_id": 61
                                                                },
                                                                {
                                                                    "__typename": "PriceLocation",
                                                                    "in_assortment": true,
                                                                    "store_id": 191
                                                                },
                                                                {
                                                                    "__typename": "PriceLocation",
                                                                    "in_assortment": true,
                                                                    "store_id": 420
                                                                },
                                                                {
                                                                    "__typename": "PriceLocation",
                                                                    "in_assortment": true,
                                                                    "store_id": 491
                                                                },
                                                                {
                                                                    "__typename": "PriceLocation",
                                                                    "in_assortment": true,
                                                                    "store_id": 545
                                                                },
                                                                {
                                                                    "__typename": "PriceLocation",
                                                                    "in_assortment": true,
                                                                    "store_id": 546
                                                                },
                                                                {
                                                                    "__typename": "PriceLocation",
                                                                    "in_assortment": true,
                                                                    "store_id": 552
                                                                },
                                                                {
                                                                    "__typename": "PriceLocation",
                                                                    "in_assortment": true,
                                                                    "store_id": 653
                                                                },
                                                                {
                                                                    "__typename": "PriceLocation",
                                                                    "in_assortment": true,
                                                                    "store_id": 747
                                                                }
                                                            ]
                                                        },
                                                        {
                                                            "alcoholRestricted": false,
                                                            "baseImageUrl": "https://images.heb.com/is/image/HEBGrocery/001564246-1",
                                                            "title": "Central Market Small Prepless Honeydew Chunks",
                                                            "description": "Fresh-cut, sweet honeydew melon.",
                                                            "minimumQuantity": 1,
                                                            "maximumQuantity": 20,
                                                            "orderIncrement": 1,
                                                            "soldBy": "EAWT",
                                                            "amount": 4.19,
                                                            "price": "$4.19",
                                                            "listPrice": "$4.19",
                                                            "priceUom": "ea",
                                                            "isOnSale": false,
                                                            "savings": null,
                                                            "eawtDetails": {
                                                                "averageWeight": 0.7,
                                                                "uom": "lb",
                                                                "price": "$5.99",
                                                                "amount": 5.99
                                                            },
                                                            "categoryPath": [
                                                                {
                                                                    "id": "483475",
                                                                    "name": "Fruits \u0026 Vegetables",
                                                                    "nameSlug": null,
                                                                    "idPath": null
                                                                },
                                                                {
                                                                    "id": "483627",
                                                                    "name": "Fruit",
                                                                    "nameSlug": null,
                                                                    "idPath": null
                                                                },
                                                                {
                                                                    "id": "1179949",
                                                                    "name": "Pre-Cut",
                                                                    "nameSlug": null,
                                                                    "idPath": null
                                                                }
                                                            ],
                                                            "nutrifactsUrl": "https://services.centralmarket.com/cm-catalog/catalog/v1/nutrifacts/1564246",
                                                            "productId": "1564246",
                                                            "categoryIdPath": "483475.483627.1179949",
                                                            "isAvailable": true,
                                                            "isSnapEligible": null,
                                                            "restrictions": null,
                                                            "brand": null,
                                                            "ownBrand": false,
                                                            "position": 30,
                                                            "categories": [
                                                                {
                                                                    "id": null,
                                                                    "name": null,
                                                                    "idPath": null
                                                                },
                                                                {
                                                                    "id": null,
                                                                    "name": null,
                                                                    "idPath": null
                                                                },
                                                                {
                                                                    "id": null,
                                                                    "name": null,
                                                                    "idPath": null
                                                                }
                                                            ],
                                                            "onEvent": null,
                                                            "preferences": null,
                                                            "productPresentation": null,
                                                            "presentationComponent": null,
                                                            "productComponents": [
                                                            ],
                                                            "presentationPriceRange": null,
                                                            "new": false,
                                                            "on_ad": false,
                                                            "productBadge": null,
                                                            "price_locations": [
                                                                {
                                                                    "__typename": "PriceLocation",
                                                                    "in_assortment": true,
                                                                    "store_id": 55
                                                                },
                                                                {
                                                                    "__typename": "PriceLocation",
                                                                    "in_assortment": true,
                                                                    "store_id": 61
                                                                },
                                                                {
                                                                    "__typename": "PriceLocation",
                                                                    "in_assortment": true,
                                                                    "store_id": 191
                                                                },
                                                                {
                                                                    "__typename": "PriceLocation",
                                                                    "in_assortment": true,
                                                                    "store_id": 420
                                                                },
                                                                {
                                                                    "__typename": "PriceLocation",
                                                                    "in_assortment": true,
                                                                    "store_id": 491
                                                                },
                                                                {
                                                                    "__typename": "PriceLocation",
                                                                    "in_assortment": false,
                                                                    "store_id": 545
                                                                },
                                                                {
                                                                    "__typename": "PriceLocation",
                                                                    "in_assortment": true,
                                                                    "store_id": 546
                                                                },
                                                                {
                                                                    "__typename": "PriceLocation",
                                                                    "in_assortment": true,
                                                                    "store_id": 552
                                                                },
                                                                {
                                                                    "__typename": "PriceLocation",
                                                                    "in_assortment": true,
                                                                    "store_id": 653
                                                                },
                                                                {
                                                                    "__typename": "PriceLocation",
                                                                    "in_assortment": true,
                                                                    "store_id": 747
                                                                }
                                                            ]
                                                        },
                                                        {
                                                            "alcoholRestricted": false,
                                                            "baseImageUrl": "https://images.heb.com/is/image/HEBGrocery/000320637-1",
                                                            "title": "Fresh Organic Pink Lady Apples",
                                                            "description": "Pretty and pink, Pink Lady apples have a delicious sweet-tart taste and are great for cooking or eating fresh! Their tender and crisp flesh is perfect for baking pies, tarts, and cakes.",
                                                            "minimumQuantity": 1,
                                                            "maximumQuantity": 20,
                                                            "orderIncrement": 1,
                                                            "soldBy": "EAWT",
                                                            "amount": 1.28,
                                                            "price": "$1.28",
                                                            "listPrice": "$1.28",
                                                            "priceUom": "ea",
                                                            "isOnSale": false,
                                                            "savings": null,
                                                            "eawtDetails": {
                                                                "averageWeight": 0.43,
                                                                "uom": "lb",
                                                                "price": "$2.99",
                                                                "amount": 2.99
                                                            },
                                                            "categoryPath": [
                                                                {
                                                                    "id": "483475",
                                                                    "name": "Fruits \u0026 Vegetables",
                                                                    "nameSlug": null,
                                                                    "idPath": null
                                                                },
                                                                {
                                                                    "id": "483627",
                                                                    "name": "Fruit",
                                                                    "nameSlug": null,
                                                                    "idPath": null
                                                                },
                                                                {
                                                                    "id": "483629",
                                                                    "name": "Apples",
                                                                    "nameSlug": null,
                                                                    "idPath": null
                                                                }
                                                            ],
                                                            "nutrifactsUrl": null,
                                                            "productId": "320637",
                                                            "categoryIdPath": "483475.483627.483629",
                                                            "isAvailable": true,
                                                            "isSnapEligible": null,
                                                            "restrictions": null,
                                                            "brand": null,
                                                            "ownBrand": false,
                                                            "position": 31,
                                                            "categories": [
                                                                {
                                                                    "id": null,
                                                                    "name": null,
                                                                    "idPath": null
                                                                },
                                                                {
                                                                    "id": null,
                                                                    "name": null,
                                                                    "idPath": null
                                                                },
                                                                {
                                                                    "id": null,
                                                                    "name": null,
                                                                    "idPath": null
                                                                }
                                                            ],
                                                            "onEvent": null,
                                                            "preferences": null,
                                                            "productPresentation": null,
                                                            "presentationComponent": null,
                                                            "productComponents": [
                                                            ],
                                                            "presentationPriceRange": null,
                                                            "new": false,
                                                            "on_ad": false,
                                                            "productBadge": null,
                                                            "price_locations": [
                                                                {
                                                                    "__typename": "PriceLocation",
                                                                    "in_assortment": true,
                                                                    "store_id": 55
                                                                },
                                                                {
                                                                    "__typename": "PriceLocation",
                                                                    "in_assortment": true,
                                                                    "store_id": 61
                                                                },
                                                                {
                                                                    "__typename": "PriceLocation",
                                                                    "in_assortment": true,
                                                                    "store_id": 191
                                                                },
                                                                {
                                                                    "__typename": "PriceLocation",
                                                                    "in_assortment": true,
                                                                    "store_id": 420
                                                                },
                                                                {
                                                                    "__typename": "PriceLocation",
                                                                    "in_assortment": true,
                                                                    "store_id": 491
                                                                },
                                                                {
                                                                    "__typename": "PriceLocation",
                                                                    "in_assortment": true,
                                                                    "store_id": 545
                                                                },
                                                                {
                                                                    "__typename": "PriceLocation",
                                                                    "in_assortment": true,
                                                                    "store_id": 546
                                                                },
                                                                {
                                                                    "__typename": "PriceLocation",
                                                                    "in_assortment": true,
                                                                    "store_id": 552
                                                                },
                                                                {
                                                                    "__typename": "PriceLocation",
                                                                    "in_assortment": false,
                                                                    "store_id": 653
                                                                },
                                                                {
                                                                    "__typename": "PriceLocation",
                                                                    "in_assortment": true,
                                                                    "store_id": 747
                                                                }
                                                            ]
                                                        },
                                                        {
                                                            "alcoholRestricted": false,
                                                            "baseImageUrl": "https://images.heb.com/is/image/HEBGrocery/000320251-1",
                                                            "title": "Fresh Organic Gala Apple",
                                                            "description": "Organic with a sweet crispness, the Gala apple is mainly reddish with patches of yellow peeking through here and there. Pack one in your lunch for a fresh and easy-to-enjoy fruit snack, or slice it up and dip into caramel sauce or creamy peanut butter.\u003cbr\u003e\u003cbr\u003e\u0026bull; Gala apple\u003cbr\u003e\u0026bull; USDA Organic\u003cbr\u003e\u0026bull; Mainly reddish\u003cbr\u003e\u0026bull; Sweet and crisp\u003cbr\u003e\u0026bull; Fresh fruit snack\u003cbr\u003e\u0026bull; Great for dipping",
                                                            "minimumQuantity": 1,
                                                            "maximumQuantity": 20,
                                                            "orderIncrement": 1,
                                                            "soldBy": "EAWT",
                                                            "amount": 1.36,
                                                            "price": "$1.36",
                                                            "listPrice": "$1.36",
                                                            "priceUom": "ea",
                                                            "isOnSale": false,
                                                            "savings": null,
                                                            "eawtDetails": {
                                                                "averageWeight": 0.46,
                                                                "uom": "lb",
                                                                "price": "$2.97",
                                                                "amount": 2.97
                                                            },
                                                            "categoryPath": [
                                                                {
                                                                    "id": "483475",
                                                                    "name": "Fruits \u0026 Vegetables",
                                                                    "nameSlug": null,
                                                                    "idPath": null
                                                                },
                                                                {
                                                                    "id": "483627",
                                                                    "name": "Fruit",
                                                                    "nameSlug": null,
                                                                    "idPath": null
                                                                },
                                                                {
                                                                    "id": "483629",
                                                                    "name": "Apples",
                                                                    "nameSlug": null,
                                                                    "idPath": null
                                                                }
                                                            ],
                                                            "nutrifactsUrl": null,
                                                            "productId": "320251",
                                                            "categoryIdPath": "483475.483627.483629",
                                                            "isAvailable": true,
                                                            "isSnapEligible": null,
                                                            "restrictions": null,
                                                            "brand": null,
                                                            "ownBrand": false,
                                                            "position": 32,
                                                            "categories": [
                                                                {
                                                                    "id": null,
                                                                    "name": null,
                                                                    "idPath": null
                                                                },
                                                                {
                                                                    "id": null,
                                                                    "name": null,
                                                                    "idPath": null
                                                                },
                                                                {
                                                                    "id": null,
                                                                    "name": null,
                                                                    "idPath": null
                                                                }
                                                            ],
                                                            "onEvent": null,
                                                            "preferences": null,
                                                            "productPresentation": null,
                                                            "presentationComponent": null,
                                                            "productComponents": [
                                                            ],
                                                            "presentationPriceRange": null,
                                                            "new": false,
                                                            "on_ad": false,
                                                            "productBadge": null,
                                                            "price_locations": [
                                                                {
                                                                    "__typename": "PriceLocation",
                                                                    "in_assortment": true,
                                                                    "store_id": 55
                                                                },
                                                                {
                                                                    "__typename": "PriceLocation",
                                                                    "in_assortment": true,
                                                                    "store_id": 61
                                                                },
                                                                {
                                                                    "__typename": "PriceLocation",
                                                                    "in_assortment": true,
                                                                    "store_id": 191
                                                                },
                                                                {
                                                                    "__typename": "PriceLocation",
                                                                    "in_assortment": true,
                                                                    "store_id": 420
                                                                },
                                                                {
                                                                    "__typename": "PriceLocation",
                                                                    "in_assortment": true,
                                                                    "store_id": 491
                                                                },
                                                                {
                                                                    "__typename": "PriceLocation",
                                                                    "in_assortment": true,
                                                                    "store_id": 545
                                                                },
                                                                {
                                                                    "__typename": "PriceLocation",
                                                                    "in_assortment": true,
                                                                    "store_id": 546
                                                                },
                                                                {
                                                                    "__typename": "PriceLocation",
                                                                    "in_assortment": true,
                                                                    "store_id": 552
                                                                },
                                                                {
                                                                    "__typename": "PriceLocation",
                                                                    "in_assortment": true,
                                                                    "store_id": 653
                                                                },
                                                                {
                                                                    "__typename": "PriceLocation",
                                                                    "in_assortment": true,
                                                                    "store_id": 747
                                                                }
                                                            ]
                                                        },
                                                        {
                                                            "alcoholRestricted": false,
                                                            "baseImageUrl": "https://images.heb.com/is/image/HEBGrocery/001098433-1",
                                                            "title": "Fresh Mangosteen",
                                                            "description": "A tropical fruit that's originally from Southeast Asia, mangosteen is delightfully sweet, tangy and juicy. Smooth and dark purple on the outside, it has a bright white flesh on the inside that's the only edible part. To remove the purple skin, score the fruit all the way around without cutting too deep. Gently twist off the top and bottom, discard the purple parts and enjoy raw.\u003cbr\u003e\u003cbr\u003e\u0026bull; Fresh mangosteen\u003cbr\u003e\u0026bull; Sweet, tangy and juicy\u003cbr\u003e\u0026bull; Tropical fruit\u003cbr\u003e\u0026bull; Bright white flesh on the inside\u003cbr\u003e\u0026bull; Discard the purple parts\u003cbr\u003e\u0026bull; Best enjoyed raw",
                                                            "minimumQuantity": 1,
                                                            "maximumQuantity": 20,
                                                            "orderIncrement": 1,
                                                            "soldBy": "EAWT",
                                                            "amount": 3.25,
                                                            "price": "$3.25",
                                                            "listPrice": "$3.25",
                                                            "priceUom": "ea",
                                                            "isOnSale": false,
                                                            "savings": null,
                                                            "eawtDetails": {
                                                                "averageWeight": 0.25,
                                                                "uom": "lb",
                                                                "price": "$13.00",
                                                                "amount": 13
                                                            },
                                                            "categoryPath": [
                                                                {
                                                                    "id": "483475",
                                                                    "name": "Fruits \u0026 Vegetables",
                                                                    "nameSlug": null,
                                                                    "idPath": null
                                                                },
                                                                {
                                                                    "id": "483627",
                                                                    "name": "Fruit",
                                                                    "nameSlug": null,
                                                                    "idPath": null
                                                                },
                                                                {
                                                                    "id": "1179951",
                                                                    "name": "Tropical \u0026 Specialty",
                                                                    "nameSlug": null,
                                                                    "idPath": null
                                                                }
                                                            ],
                                                            "nutrifactsUrl": null,
                                                            "productId": "1098433",
                                                            "categoryIdPath": "483475.483627.1179951",
                                                            "isAvailable": true,
                                                            "isSnapEligible": null,
                                                            "restrictions": null,
                                                            "brand": null,
                                                            "ownBrand": false,
                                                            "position": 33,
                                                            "categories": [
                                                                {
                                                                    "id": null,
                                                                    "name": null,
                                                                    "idPath": null
                                                                },
                                                                {
                                                                    "id": null,
                                                                    "name": null,
                                                                    "idPath": null
                                                                },
                                                                {
                                                                    "id": null,
                                                                    "name": null,
                                                                    "idPath": null
                                                                }
                                                            ],
                                                            "onEvent": null,
                                                            "preferences": null,
                                                            "productPresentation": null,
                                                            "presentationComponent": null,
                                                            "productComponents": [
                                                            ],
                                                            "presentationPriceRange": null,
                                                            "new": false,
                                                            "on_ad": false,
                                                            "productBadge": null,
                                                            "price_locations": [
                                                                {
                                                                    "__typename": "PriceLocation",
                                                                    "in_assortment": true,
                                                                    "store_id": 55
                                                                },
                                                                {
                                                                    "__typename": "PriceLocation",
                                                                    "in_assortment": true,
                                                                    "store_id": 61
                                                                },
                                                                {
                                                                    "__typename": "PriceLocation",
                                                                    "in_assortment": true,
                                                                    "store_id": 191
                                                                },
                                                                {
                                                                    "__typename": "PriceLocation",
                                                                    "in_assortment": true,
                                                                    "store_id": 420
                                                                },
                                                                {
                                                                    "__typename": "PriceLocation",
                                                                    "in_assortment": true,
                                                                    "store_id": 491
                                                                },
                                                                {
                                                                    "__typename": "PriceLocation",
                                                                    "in_assortment": false,
                                                                    "store_id": 545
                                                                },
                                                                {
                                                                    "__typename": "PriceLocation",
                                                                    "in_assortment": true,
                                                                    "store_id": 546
                                                                },
                                                                {
                                                                    "__typename": "PriceLocation",
                                                                    "in_assortment": false,
                                                                    "store_id": 552
                                                                },
                                                                {
                                                                    "__typename": "PriceLocation",
                                                                    "in_assortment": false,
                                                                    "store_id": 653
                                                                },
                                                                {
                                                                    "__typename": "PriceLocation",
                                                                    "in_assortment": true,
                                                                    "store_id": 747
                                                                }
                                                            ]
                                                        },
                                                        {
                                                            "alcoholRestricted": false,
                                                            "baseImageUrl": "https://images.heb.com/is/image/HEBGrocery/001564237-1",
                                                            "title": "Central Market Small Prepless Mango Chunks",
                                                            "description": "Always in season, these sweet and juicy mangoes are cut and ready to go.",
                                                            "minimumQuantity": 1,
                                                            "maximumQuantity": 20,
                                                            "orderIncrement": 1,
                                                            "soldBy": "EAWT",
                                                            "amount": 5.99,
                                                            "price": "$5.99",
                                                            "listPrice": "$5.99",
                                                            "priceUom": "ea",
                                                            "isOnSale": false,
                                                            "savings": null,
                                                            "eawtDetails": {
                                                                "averageWeight": 0.6,
                                                                "uom": "lb",
                                                                "price": "$9.99",
                                                                "amount": 9.99
                                                            },
                                                            "categoryPath": [
                                                                {
                                                                    "id": "483475",
                                                                    "name": "Fruits \u0026 Vegetables",
                                                                    "nameSlug": null,
                                                                    "idPath": null
                                                                },
                                                                {
                                                                    "id": "483627",
                                                                    "name": "Fruit",
                                                                    "nameSlug": null,
                                                                    "idPath": null
                                                                },
                                                                {
                                                                    "id": "1179949",
                                                                    "name": "Pre-Cut",
                                                                    "nameSlug": null,
                                                                    "idPath": null
                                                                }
                                                            ],
                                                            "nutrifactsUrl": "https://services.centralmarket.com/cm-catalog/catalog/v1/nutrifacts/1564237",
                                                            "productId": "1564237",
                                                            "categoryIdPath": "483475.483627.1179949",
                                                            "isAvailable": true,
                                                            "isSnapEligible": null,
                                                            "restrictions": null,
                                                            "brand": null,
                                                            "ownBrand": false,
                                                            "position": 34,
                                                            "categories": [
                                                                {
                                                                    "id": null,
                                                                    "name": null,
                                                                    "idPath": null
                                                                },
                                                                {
                                                                    "id": null,
                                                                    "name": null,
                                                                    "idPath": null
                                                                },
                                                                {
                                                                    "id": null,
                                                                    "name": null,
                                                                    "idPath": null
                                                                }
                                                            ],
                                                            "onEvent": null,
                                                            "preferences": null,
                                                            "productPresentation": null,
                                                            "presentationComponent": null,
                                                            "productComponents": [
                                                            ],
                                                            "presentationPriceRange": null,
                                                            "new": false,
                                                            "on_ad": false,
                                                            "productBadge": null,
                                                            "price_locations": [
                                                                {
                                                                    "__typename": "PriceLocation",
                                                                    "in_assortment": true,
                                                                    "store_id": 55
                                                                },
                                                                {
                                                                    "__typename": "PriceLocation",
                                                                    "in_assortment": true,
                                                                    "store_id": 61
                                                                },
                                                                {
                                                                    "__typename": "PriceLocation",
                                                                    "in_assortment": true,
                                                                    "store_id": 191
                                                                },
                                                                {
                                                                    "__typename": "PriceLocation",
                                                                    "in_assortment": true,
                                                                    "store_id": 420
                                                                },
                                                                {
                                                                    "__typename": "PriceLocation",
                                                                    "in_assortment": false,
                                                                    "store_id": 491
                                                                },
                                                                {
                                                                    "__typename": "PriceLocation",
                                                                    "in_assortment": false,
                                                                    "store_id": 545
                                                                },
                                                                {
                                                                    "__typename": "PriceLocation",
                                                                    "in_assortment": false,
                                                                    "store_id": 546
                                                                },
                                                                {
                                                                    "__typename": "PriceLocation",
                                                                    "in_assortment": true,
                                                                    "store_id": 552
                                                                },
                                                                {
                                                                    "__typename": "PriceLocation",
                                                                    "in_assortment": true,
                                                                    "store_id": 653
                                                                },
                                                                {
                                                                    "__typename": "PriceLocation",
                                                                    "in_assortment": true,
                                                                    "store_id": 747
                                                                }
                                                            ]
                                                        },
                                                        {
                                                            "alcoholRestricted": false,
                                                            "baseImageUrl": "https://images.heb.com/is/image/HEBGrocery/000375146-1",
                                                            "title": "Fresh Gala Apple",
                                                            "description": "Mainly reddish with yellow patches peeking through, the Gala apple is sweet and crisp. A tasty topper for your morning oatmeal or lunchtime salad, it's also great sliced and dipped into caramel sauce.\u003cbr\u003e\u003cbr\u003e\u0026bull; Gala apple\u003cbr\u003e\u0026bull; Sweet and crisp\u003cbr\u003e\u0026bull; Mainly reddish\u003cbr\u003e\u0026bull; Delicious fresh fruit snack",
                                                            "minimumQuantity": 1,
                                                            "maximumQuantity": 20,
                                                            "orderIncrement": 1,
                                                            "soldBy": "EAWT",
                                                            "amount": 0.77,
                                                            "price": "$0.77",
                                                            "listPrice": "$0.77",
                                                            "priceUom": "ea",
                                                            "isOnSale": false,
                                                            "savings": null,
                                                            "eawtDetails": {
                                                                "averageWeight": 0.46,
                                                                "uom": "lb",
                                                                "price": "$1.69",
                                                                "amount": 1.69
                                                            },
                                                            "categoryPath": [
                                                                {
                                                                    "id": "483475",
                                                                    "name": "Fruits \u0026 Vegetables",
                                                                    "nameSlug": null,
                                                                    "idPath": null
                                                                },
                                                                {
                                                                    "id": "483627",
                                                                    "name": "Fruit",
                                                                    "nameSlug": null,
                                                                    "idPath": null
                                                                },
                                                                {
                                                                    "id": "483629",
                                                                    "name": "Apples",
                                                                    "nameSlug": null,
                                                                    "idPath": null
                                                                }
                                                            ],
                                                            "nutrifactsUrl": null,
                                                            "productId": "375146",
                                                            "categoryIdPath": "483475.483627.483629",
                                                            "isAvailable": true,
                                                            "isSnapEligible": null,
                                                            "restrictions": null,
                                                            "brand": null,
                                                            "ownBrand": false,
                                                            "position": 35,
                                                            "categories": [
                                                                {
                                                                    "id": null,
                                                                    "name": null,
                                                                    "idPath": null
                                                                },
                                                                {
                                                                    "id": null,
                                                                    "name": null,
                                                                    "idPath": null
                                                                },
                                                                {
                                                                    "id": null,
                                                                    "name": null,
                                                                    "idPath": null
                                                                }
                                                            ],
                                                            "onEvent": null,
                                                            "preferences": null,
                                                            "productPresentation": null,
                                                            "presentationComponent": null,
                                                            "productComponents": [
                                                            ],
                                                            "presentationPriceRange": null,
                                                            "new": false,
                                                            "on_ad": false,
                                                            "productBadge": null,
                                                            "price_locations": [
                                                                {
                                                                    "__typename": "PriceLocation",
                                                                    "in_assortment": true,
                                                                    "store_id": 55
                                                                },
                                                                {
                                                                    "__typename": "PriceLocation",
                                                                    "in_assortment": true,
                                                                    "store_id": 61
                                                                },
                                                                {
                                                                    "__typename": "PriceLocation",
                                                                    "in_assortment": true,
                                                                    "store_id": 191
                                                                },
                                                                {
                                                                    "__typename": "PriceLocation",
                                                                    "in_assortment": true,
                                                                    "store_id": 420
                                                                },
                                                                {
                                                                    "__typename": "PriceLocation",
                                                                    "in_assortment": true,
                                                                    "store_id": 491
                                                                },
                                                                {
                                                                    "__typename": "PriceLocation",
                                                                    "in_assortment": true,
                                                                    "store_id": 545
                                                                },
                                                                {
                                                                    "__typename": "PriceLocation",
                                                                    "in_assortment": true,
                                                                    "store_id": 546
                                                                },
                                                                {
                                                                    "__typename": "PriceLocation",
                                                                    "in_assortment": true,
                                                                    "store_id": 552
                                                                },
                                                                {
                                                                    "__typename": "PriceLocation",
                                                                    "in_assortment": true,
                                                                    "store_id": 653
                                                                },
                                                                {
                                                                    "__typename": "PriceLocation",
                                                                    "in_assortment": true,
                                                                    "store_id": 747
                                                                }
                                                            ]
                                                        },
                                                        {
                                                            "alcoholRestricted": false,
                                                            "baseImageUrl": "https://images.heb.com/is/image/HEBGrocery/001564287-1",
                                                            "title": "Central Market Large Prepless Red \u0026 Green Grapes",
                                                            "description": "Sweet, juicy grapes ready for snacking.",
                                                            "minimumQuantity": 1,
                                                            "maximumQuantity": 20,
                                                            "orderIncrement": 1,
                                                            "soldBy": "EAWT",
                                                            "amount": 7.18,
                                                            "price": "$7.18",
                                                            "listPrice": "$7.18",
                                                            "priceUom": "ea",
                                                            "isOnSale": false,
                                                            "savings": null,
                                                            "eawtDetails": {
                                                                "averageWeight": 1.2,
                                                                "uom": "lb",
                                                                "price": "$5.99",
                                                                "amount": 5.99
                                                            },
                                                            "categoryPath": [
                                                                {
                                                                    "id": "483475",
                                                                    "name": "Fruits \u0026 Vegetables",
                                                                    "nameSlug": null,
                                                                    "idPath": null
                                                                },
                                                                {
                                                                    "id": "483627",
                                                                    "name": "Fruit",
                                                                    "nameSlug": null,
                                                                    "idPath": null
                                                                },
                                                                {
                                                                    "id": "1179949",
                                                                    "name": "Pre-Cut",
                                                                    "nameSlug": null,
                                                                    "idPath": null
                                                                }
                                                            ],
                                                            "nutrifactsUrl": "https://services.centralmarket.com/cm-catalog/catalog/v1/nutrifacts/1564287",
                                                            "productId": "1564287",
                                                            "categoryIdPath": "483475.483627.1179949",
                                                            "isAvailable": true,
                                                            "isSnapEligible": null,
                                                            "restrictions": null,
                                                            "brand": null,
                                                            "ownBrand": false,
                                                            "position": 36,
                                                            "categories": [
                                                                {
                                                                    "id": null,
                                                                    "name": null,
                                                                    "idPath": null
                                                                },
                                                                {
                                                                    "id": null,
                                                                    "name": null,
                                                                    "idPath": null
                                                                },
                                                                {
                                                                    "id": null,
                                                                    "name": null,
                                                                    "idPath": null
                                                                }
                                                            ],
                                                            "onEvent": null,
                                                            "preferences": null,
                                                            "productPresentation": null,
                                                            "presentationComponent": null,
                                                            "productComponents": [
                                                            ],
                                                            "presentationPriceRange": null,
                                                            "new": false,
                                                            "on_ad": false,
                                                            "productBadge": null,
                                                            "price_locations": [
                                                                {
                                                                    "__typename": "PriceLocation",
                                                                    "in_assortment": true,
                                                                    "store_id": 55
                                                                },
                                                                {
                                                                    "__typename": "PriceLocation",
                                                                    "in_assortment": true,
                                                                    "store_id": 61
                                                                },
                                                                {
                                                                    "__typename": "PriceLocation",
                                                                    "in_assortment": true,
                                                                    "store_id": 191
                                                                },
                                                                {
                                                                    "__typename": "PriceLocation",
                                                                    "in_assortment": true,
                                                                    "store_id": 420
                                                                },
                                                                {
                                                                    "__typename": "PriceLocation",
                                                                    "in_assortment": true,
                                                                    "store_id": 491
                                                                },
                                                                {
                                                                    "__typename": "PriceLocation",
                                                                    "in_assortment": true,
                                                                    "store_id": 545
                                                                },
                                                                {
                                                                    "__typename": "PriceLocation",
                                                                    "in_assortment": true,
                                                                    "store_id": 546
                                                                },
                                                                {
                                                                    "__typename": "PriceLocation",
                                                                    "in_assortment": true,
                                                                    "store_id": 552
                                                                },
                                                                {
                                                                    "__typename": "PriceLocation",
                                                                    "in_assortment": true,
                                                                    "store_id": 653
                                                                },
                                                                {
                                                                    "__typename": "PriceLocation",
                                                                    "in_assortment": true,
                                                                    "store_id": 747
                                                                }
                                                            ]
                                                        },
                                                        {
                                                            "alcoholRestricted": false,
                                                            "baseImageUrl": "https://images.heb.com/is/image/HEBGrocery/001564285-1",
                                                            "title": "Central Market Small Prepless Mixed Berries",
                                                            "description": "Berry tasty. A mix of strawberries, blueberries, blackberries, and raspberries ready for packing and snacking.",
                                                            "minimumQuantity": 1,
                                                            "maximumQuantity": 20,
                                                            "orderIncrement": 1,
                                                            "soldBy": "EAWT",
                                                            "amount": 7.19,
                                                            "price": "$7.19",
                                                            "listPrice": "$7.19",
                                                            "priceUom": "ea",
                                                            "isOnSale": false,
                                                            "savings": null,
                                                            "eawtDetails": {
                                                                "averageWeight": 0.6,
                                                                "uom": "lb",
                                                                "price": "$11.99",
                                                                "amount": 11.99
                                                            },
                                                            "categoryPath": [
                                                                {
                                                                    "id": "483475",
                                                                    "name": "Fruits \u0026 Vegetables",
                                                                    "nameSlug": null,
                                                                    "idPath": null
                                                                },
                                                                {
                                                                    "id": "483627",
                                                                    "name": "Fruit",
                                                                    "nameSlug": null,
                                                                    "idPath": null
                                                                },
                                                                {
                                                                    "id": "1179949",
                                                                    "name": "Pre-Cut",
                                                                    "nameSlug": null,
                                                                    "idPath": null
                                                                }
                                                            ],
                                                            "nutrifactsUrl": "https://services.centralmarket.com/cm-catalog/catalog/v1/nutrifacts/1564285",
                                                            "productId": "1564285",
                                                            "categoryIdPath": "483475.483627.1179949",
                                                            "isAvailable": true,
                                                            "isSnapEligible": null,
                                                            "restrictions": null,
                                                            "brand": null,
                                                            "ownBrand": false,
                                                            "position": 37,
                                                            "categories": [
                                                                {
                                                                    "id": null,
                                                                    "name": null,
                                                                    "idPath": null
                                                                },
                                                                {
                                                                    "id": null,
                                                                    "name": null,
                                                                    "idPath": null
                                                                },
                                                                {
                                                                    "id": null,
                                                                    "name": null,
                                                                    "idPath": null
                                                                }
                                                            ],
                                                            "onEvent": null,
                                                            "preferences": null,
                                                            "productPresentation": null,
                                                            "presentationComponent": null,
                                                            "productComponents": [
                                                            ],
                                                            "presentationPriceRange": null,
                                                            "new": false,
                                                            "on_ad": false,
                                                            "productBadge": null,
                                                            "price_locations": [
                                                                {
                                                                    "__typename": "PriceLocation",
                                                                    "in_assortment": true,
                                                                    "store_id": 55
                                                                },
                                                                {
                                                                    "__typename": "PriceLocation",
                                                                    "in_assortment": true,
                                                                    "store_id": 61
                                                                },
                                                                {
                                                                    "__typename": "PriceLocation",
                                                                    "in_assortment": true,
                                                                    "store_id": 191
                                                                },
                                                                {
                                                                    "__typename": "PriceLocation",
                                                                    "in_assortment": true,
                                                                    "store_id": 420
                                                                },
                                                                {
                                                                    "__typename": "PriceLocation",
                                                                    "in_assortment": true,
                                                                    "store_id": 491
                                                                },
                                                                {
                                                                    "__typename": "PriceLocation",
                                                                    "in_assortment": true,
                                                                    "store_id": 545
                                                                },
                                                                {
                                                                    "__typename": "PriceLocation",
                                                                    "in_assortment": true,
                                                                    "store_id": 546
                                                                },
                                                                {
                                                                    "__typename": "PriceLocation",
                                                                    "in_assortment": true,
                                                                    "store_id": 552
                                                                },
                                                                {
                                                                    "__typename": "PriceLocation",
                                                                    "in_assortment": true,
                                                                    "store_id": 653
                                                                },
                                                                {
                                                                    "__typename": "PriceLocation",
                                                                    "in_assortment": true,
                                                                    "store_id": 747
                                                                }
                                                            ]
                                                        },
                                                        {
                                                            "alcoholRestricted": false,
                                                            "baseImageUrl": "https://images.heb.com/is/image/HEBGrocery/000527422-1",
                                                            "title": "Fresh Organic Strawberries\u0026nbsp;, 1 lb",
                                                            "description": "Fresh organic strawberries ripened to sweet, juicy perfection! A refreshing snack or great for making desserts.\u003cbr\u003e\u003cbr\u003e\u0026bull; Organic Strawberries\u003cbr\u003e\u0026bull; Sweet and juicy\u003cbr\u003e\u0026bull; Refreshing snack\u003cbr\u003e\u0026bull; Great for making desserts\u003cbr\u003e\u003cbr\u003e\u003cb\u003ePlease note:\u003c/b\u003e H-E-B is committed to 100% customer satisfaction. Due to supply issues at this time, you may experience variations in availability. We are working diligently to provide the highest quality product.",
                                                            "minimumQuantity": 1,
                                                            "maximumQuantity": 20,
                                                            "orderIncrement": 1,
                                                            "soldBy": "EACH",
                                                            "amount": 6.99,
                                                            "price": "$6.99",
                                                            "listPrice": "$6.99",
                                                            "priceUom": "ea",
                                                            "isOnSale": false,
                                                            "savings": null,
                                                            "eawtDetails": null,
                                                            "categoryPath": [
                                                                {
                                                                    "id": "483475",
                                                                    "name": "Fruits \u0026 Vegetables",
                                                                    "nameSlug": null,
                                                                    "idPath": null
                                                                },
                                                                {
                                                                    "id": "483627",
                                                                    "name": "Fruit",
                                                                    "nameSlug": null,
                                                                    "idPath": null
                                                                },
                                                                {
                                                                    "id": "483631",
                                                                    "name": "Berries",
                                                                    "nameSlug": null,
                                                                    "idPath": null
                                                                }
                                                            ],
                                                            "nutrifactsUrl": null,
                                                            "productId": "527422",
                                                            "categoryIdPath": "483475.483627.483631",
                                                            "isAvailable": false,
                                                            "isSnapEligible": null,
                                                            "restrictions": null,
                                                            "brand": null,
                                                            "ownBrand": false,
                                                            "position": 38,
                                                            "categories": [
                                                                {
                                                                    "id": null,
                                                                    "name": null,
                                                                    "idPath": null
                                                                },
                                                                {
                                                                    "id": null,
                                                                    "name": null,
                                                                    "idPath": null
                                                                },
                                                                {
                                                                    "id": null,
                                                                    "name": null,
                                                                    "idPath": null
                                                                }
                                                            ],
                                                            "onEvent": null,
                                                            "preferences": null,
                                                            "productPresentation": null,
                                                            "presentationComponent": null,
                                                            "productComponents": [
                                                            ],
                                                            "presentationPriceRange": null,
                                                            "new": false,
                                                            "on_ad": false,
                                                            "productBadge": null,
                                                            "price_locations": [
                                                                {
                                                                    "__typename": "PriceLocation",
                                                                    "in_assortment": true,
                                                                    "store_id": 55
                                                                },
                                                                {
                                                                    "__typename": "PriceLocation",
                                                                    "in_assortment": true,
                                                                    "store_id": 61
                                                                },
                                                                {
                                                                    "__typename": "PriceLocation",
                                                                    "in_assortment": true,
                                                                    "store_id": 191
                                                                },
                                                                {
                                                                    "__typename": "PriceLocation",
                                                                    "in_assortment": true,
                                                                    "store_id": 420
                                                                },
                                                                {
                                                                    "__typename": "PriceLocation",
                                                                    "in_assortment": true,
                                                                    "store_id": 491
                                                                },
                                                                {
                                                                    "__typename": "PriceLocation",
                                                                    "in_assortment": true,
                                                                    "store_id": 545
                                                                },
                                                                {
                                                                    "__typename": "PriceLocation",
                                                                    "in_assortment": true,
                                                                    "store_id": 546
                                                                },
                                                                {
                                                                    "__typename": "PriceLocation",
                                                                    "in_assortment": true,
                                                                    "store_id": 552
                                                                },
                                                                {
                                                                    "__typename": "PriceLocation",
                                                                    "in_assortment": true,
                                                                    "store_id": 653
                                                                },
                                                                {
                                                                    "__typename": "PriceLocation",
                                                                    "in_assortment": true,
                                                                    "store_id": 747
                                                                }
                                                            ]
                                                        },
                                                        {
                                                            "alcoholRestricted": false,
                                                            "baseImageUrl": "https://images.heb.com/is/image/HEBGrocery/000321286-1",
                                                            "title": "Fresh Strawberries, 1 lb",
                                                            "description": "Enjoy the light, refreshing taste of fresh strawberries. Full of sweet juiciness, they're great for snacking or for making desserts like strawberry shortcake.\u003cbr\u003e\u003cbr\u003e\u0026bull; 1 lb of fresh strawberries\u003cbr\u003e\u0026bull; Sweet and juicy\u003cbr\u003e\u0026bull; Great for snacking",
                                                            "minimumQuantity": 1,
                                                            "maximumQuantity": 20,
                                                            "orderIncrement": 1,
                                                            "soldBy": "EACH",
                                                            "amount": 4.99,
                                                            "price": "$4.99",
                                                            "listPrice": "$4.99",
                                                            "priceUom": "ea",
                                                            "isOnSale": false,
                                                            "savings": null,
                                                            "eawtDetails": null,
                                                            "categoryPath": [
                                                                {
                                                                    "id": "483475",
                                                                    "name": "Fruits \u0026 Vegetables",
                                                                    "nameSlug": null,
                                                                    "idPath": null
                                                                },
                                                                {
                                                                    "id": "483627",
                                                                    "name": "Fruit",
                                                                    "nameSlug": null,
                                                                    "idPath": null
                                                                },
                                                                {
                                                                    "id": "483631",
                                                                    "name": "Berries",
                                                                    "nameSlug": null,
                                                                    "idPath": null
                                                                }
                                                            ],
                                                            "nutrifactsUrl": "https://services.centralmarket.com/cm-catalog/catalog/v1/nutrifacts/321286",
                                                            "productId": "321286",
                                                            "categoryIdPath": "483475.483627.483631",
                                                            "isAvailable": false,
                                                            "isSnapEligible": null,
                                                            "restrictions": null,
                                                            "brand": null,
                                                            "ownBrand": false,
                                                            "position": 39,
                                                            "categories": [
                                                                {
                                                                    "id": null,
                                                                    "name": null,
                                                                    "idPath": null
                                                                },
                                                                {
                                                                    "id": null,
                                                                    "name": null,
                                                                    "idPath": null
                                                                },
                                                                {
                                                                    "id": null,
                                                                    "name": null,
                                                                    "idPath": null
                                                                }
                                                            ],
                                                            "onEvent": null,
                                                            "preferences": null,
                                                            "productPresentation": null,
                                                            "presentationComponent": null,
                                                            "productComponents": [
                                                            ],
                                                            "presentationPriceRange": null,
                                                            "new": false,
                                                            "on_ad": false,
                                                            "productBadge": null,
                                                            "price_locations": [
                                                                {
                                                                    "__typename": "PriceLocation",
                                                                    "in_assortment": true,
                                                                    "store_id": 55
                                                                },
                                                                {
                                                                    "__typename": "PriceLocation",
                                                                    "in_assortment": true,
                                                                    "store_id": 61
                                                                },
                                                                {
                                                                    "__typename": "PriceLocation",
                                                                    "in_assortment": true,
                                                                    "store_id": 191
                                                                },
                                                                {
                                                                    "__typename": "PriceLocation",
                                                                    "in_assortment": true,
                                                                    "store_id": 420
                                                                },
                                                                {
                                                                    "__typename": "PriceLocation",
                                                                    "in_assortment": true,
                                                                    "store_id": 491
                                                                },
                                                                {
                                                                    "__typename": "PriceLocation",
                                                                    "in_assortment": true,
                                                                    "store_id": 545
                                                                },
                                                                {
                                                                    "__typename": "PriceLocation",
                                                                    "in_assortment": true,
                                                                    "store_id": 546
                                                                },
                                                                {
                                                                    "__typename": "PriceLocation",
                                                                    "in_assortment": true,
                                                                    "store_id": 552
                                                                },
                                                                {
                                                                    "__typename": "PriceLocation",
                                                                    "in_assortment": true,
                                                                    "store_id": 653
                                                                },
                                                                {
                                                                    "__typename": "PriceLocation",
                                                                    "in_assortment": true,
                                                                    "store_id": 747
                                                                }
                                                            ]
                                                        },
                                                        {
                                                            "alcoholRestricted": false,
                                                            "baseImageUrl": "https://images.heb.com/is/image/HEBGrocery/000375184-1",
                                                            "title": "Fresh Extra Large Lemon, Each",
                                                            "description": "Add a citrus kick to sweet or savory recipes with a small extra large lemon. Extremely handy in both cooking and baking, theyre juicy, tart and ideal as slices or wedges. Before cutting a lemon, try gently rolling it back and forth on a cutting board to bring out extra juiciness.\u003cbr\u003e\u003cbr\u003e\u0026bull; Extra large lemon sold individually\u003cbr\u003e\u0026bull; Juicy and tart\u003cbr\u003e\u0026bull; Great for slices or wedges\u003cbr\u003e\u0026bull; Can be used in sweet or savory recipes",
                                                            "minimumQuantity": 1,
                                                            "maximumQuantity": 20,
                                                            "orderIncrement": 1,
                                                            "soldBy": "EACH",
                                                            "amount": 0.88,
                                                            "price": "$0.88",
                                                            "listPrice": "$0.88",
                                                            "priceUom": "ea",
                                                            "isOnSale": false,
                                                            "savings": null,
                                                            "eawtDetails": null,
                                                            "categoryPath": [
                                                                {
                                                                    "id": "483475",
                                                                    "name": "Fruits \u0026 Vegetables",
                                                                    "nameSlug": null,
                                                                    "idPath": null
                                                                },
                                                                {
                                                                    "id": "483627",
                                                                    "name": "Fruit",
                                                                    "nameSlug": null,
                                                                    "idPath": null
                                                                },
                                                                {
                                                                    "id": "1179939",
                                                                    "name": "Citrus",
                                                                    "nameSlug": null,
                                                                    "idPath": null
                                                                },
                                                                {
                                                                    "id": "1179940",
                                                                    "name": "Lemons",
                                                                    "nameSlug": null,
                                                                    "idPath": null
                                                                }
                                                            ],
                                                            "nutrifactsUrl": null,
                                                            "productId": "375184",
                                                            "categoryIdPath": "483475.483627.1179939.1179940",
                                                            "isAvailable": true,
                                                            "isSnapEligible": null,
                                                            "restrictions": null,
                                                            "brand": null,
                                                            "ownBrand": false,
                                                            "position": 40,
                                                            "categories": [
                                                                {
                                                                    "id": null,
                                                                    "name": null,
                                                                    "idPath": null
                                                                },
                                                                {
                                                                    "id": null,
                                                                    "name": null,
                                                                    "idPath": null
                                                                },
                                                                {
                                                                    "id": null,
                                                                    "name": null,
                                                                    "idPath": null
                                                                },
                                                                {
                                                                    "id": null,
                                                                    "name": null,
                                                                    "idPath": null
                                                                }
                                                            ],
                                                            "onEvent": null,
                                                            "preferences": null,
                                                            "productPresentation": null,
                                                            "presentationComponent": null,
                                                            "productComponents": [
                                                            ],
                                                            "presentationPriceRange": null,
                                                            "new": false,
                                                            "on_ad": false,
                                                            "productBadge": null,
                                                            "price_locations": [
                                                                {
                                                                    "__typename": "PriceLocation",
                                                                    "in_assortment": true,
                                                                    "store_id": 55
                                                                },
                                                                {
                                                                    "__typename": "PriceLocation",
                                                                    "in_assortment": true,
                                                                    "store_id": 61
                                                                },
                                                                {
                                                                    "__typename": "PriceLocation",
                                                                    "in_assortment": true,
                                                                    "store_id": 191
                                                                },
                                                                {
                                                                    "__typename": "PriceLocation",
                                                                    "in_assortment": true,
                                                                    "store_id": 420
                                                                },
                                                                {
                                                                    "__typename": "PriceLocation",
                                                                    "in_assortment": true,
                                                                    "store_id": 491
                                                                },
                                                                {
                                                                    "__typename": "PriceLocation",
                                                                    "in_assortment": true,
                                                                    "store_id": 545
                                                                },
                                                                {
                                                                    "__typename": "PriceLocation",
                                                                    "in_assortment": true,
                                                                    "store_id": 546
                                                                },
                                                                {
                                                                    "__typename": "PriceLocation",
                                                                    "in_assortment": true,
                                                                    "store_id": 552
                                                                },
                                                                {
                                                                    "__typename": "PriceLocation",
                                                                    "in_assortment": true,
                                                                    "store_id": 653
                                                                },
                                                                {
                                                                    "__typename": "PriceLocation",
                                                                    "in_assortment": true,
                                                                    "store_id": 747
                                                                }
                                                            ]
                                                        },
                                                        {
                                                            "alcoholRestricted": false,
                                                            "baseImageUrl": "https://images.heb.com/is/image/HEBGrocery/001564244-1",
                                                            "title": "Central Market Small Prepless Strawberries",
                                                            "description": "Fresh, sweet, whole strawberries packed and ready for snacking.",
                                                            "minimumQuantity": 1,
                                                            "maximumQuantity": 20,
                                                            "orderIncrement": 1,
                                                            "soldBy": "EAWT",
                                                            "amount": 4.99,
                                                            "price": "$4.99",
                                                            "listPrice": "$4.99",
                                                            "priceUom": "ea",
                                                            "isOnSale": false,
                                                            "savings": null,
                                                            "eawtDetails": {
                                                                "averageWeight": 0.5,
                                                                "uom": "lb",
                                                                "price": "$9.99",
                                                                "amount": 9.99
                                                            },
                                                            "categoryPath": [
                                                                {
                                                                    "id": "483475",
                                                                    "name": "Fruits \u0026 Vegetables",
                                                                    "nameSlug": null,
                                                                    "idPath": null
                                                                },
                                                                {
                                                                    "id": "483627",
                                                                    "name": "Fruit",
                                                                    "nameSlug": null,
                                                                    "idPath": null
                                                                },
                                                                {
                                                                    "id": "1179949",
                                                                    "name": "Pre-Cut",
                                                                    "nameSlug": null,
                                                                    "idPath": null
                                                                }
                                                            ],
                                                            "nutrifactsUrl": "https://services.centralmarket.com/cm-catalog/catalog/v1/nutrifacts/1564244",
                                                            "productId": "1564244",
                                                            "categoryIdPath": "483475.483627.1179949",
                                                            "isAvailable": true,
                                                            "isSnapEligible": null,
                                                            "restrictions": null,
                                                            "brand": null,
                                                            "ownBrand": false,
                                                            "position": 41,
                                                            "categories": [
                                                                {
                                                                    "id": null,
                                                                    "name": null,
                                                                    "idPath": null
                                                                },
                                                                {
                                                                    "id": null,
                                                                    "name": null,
                                                                    "idPath": null
                                                                },
                                                                {
                                                                    "id": null,
                                                                    "name": null,
                                                                    "idPath": null
                                                                }
                                                            ],
                                                            "onEvent": null,
                                                            "preferences": null,
                                                            "productPresentation": null,
                                                            "presentationComponent": null,
                                                            "productComponents": [
                                                            ],
                                                            "presentationPriceRange": null,
                                                            "new": false,
                                                            "on_ad": false,
                                                            "productBadge": null,
                                                            "price_locations": [
                                                                {
                                                                    "__typename": "PriceLocation",
                                                                    "in_assortment": true,
                                                                    "store_id": 55
                                                                },
                                                                {
                                                                    "__typename": "PriceLocation",
                                                                    "in_assortment": true,
                                                                    "store_id": 61
                                                                },
                                                                {
                                                                    "__typename": "PriceLocation",
                                                                    "in_assortment": true,
                                                                    "store_id": 191
                                                                },
                                                                {
                                                                    "__typename": "PriceLocation",
                                                                    "in_assortment": true,
                                                                    "store_id": 420
                                                                },
                                                                {
                                                                    "__typename": "PriceLocation",
                                                                    "in_assortment": true,
                                                                    "store_id": 491
                                                                },
                                                                {
                                                                    "__typename": "PriceLocation",
                                                                    "in_assortment": true,
                                                                    "store_id": 545
                                                                },
                                                                {
                                                                    "__typename": "PriceLocation",
                                                                    "in_assortment": true,
                                                                    "store_id": 546
                                                                },
                                                                {
                                                                    "__typename": "PriceLocation",
                                                                    "in_assortment": true,
                                                                    "store_id": 552
                                                                },
                                                                {
                                                                    "__typename": "PriceLocation",
                                                                    "in_assortment": true,
                                                                    "store_id": 653
                                                                },
                                                                {
                                                                    "__typename": "PriceLocation",
                                                                    "in_assortment": true,
                                                                    "store_id": 747
                                                                }
                                                            ]
                                                        },
                                                        {
                                                            "alcoholRestricted": false,
                                                            "baseImageUrl": "https://images.heb.com/is/image/HEBGrocery/000583329-1",
                                                            "title": "Fresh Mini Personal Watermelon, Each",
                                                            "description": "Sized just right for a smaller fridge, this mini personal watermelon is virtually seedless and super juicy-sweet. A classic summertime favorite, it's great cut into thick triangles or cubed for salads and smoothies. If you're feeling adventurous, try grilling some slices after applying a BBQ rub of sugar, salt and lime zest and enjoy the smoky, caramelized taste.\u003cbr\u003e\u003cbr\u003e\u0026bull; Whole personal-sized mini watermelon\u003cbr\u003e\u0026bull; Virtually seedless\u003cbr\u003e\u0026bull; Juicy-sweet taste\u003cbr\u003e\u0026bull; Green rind and red interior\u003cbr\u003e\u0026bull; Classic warm-weather fruit",
                                                            "minimumQuantity": 1,
                                                            "maximumQuantity": 20,
                                                            "orderIncrement": 1,
                                                            "soldBy": "EACH",
                                                            "amount": 4.99,
                                                            "price": "$4.99",
                                                            "listPrice": "$4.99",
                                                            "priceUom": "ea",
                                                            "isOnSale": false,
                                                            "savings": null,
                                                            "eawtDetails": null,
                                                            "categoryPath": [
                                                                {
                                                                    "id": "483475",
                                                                    "name": "Fruits \u0026 Vegetables",
                                                                    "nameSlug": null,
                                                                    "idPath": null
                                                                },
                                                                {
                                                                    "id": "483627",
                                                                    "name": "Fruit",
                                                                    "nameSlug": null,
                                                                    "idPath": null
                                                                },
                                                                {
                                                                    "id": "483634",
                                                                    "name": "Melons",
                                                                    "nameSlug": null,
                                                                    "idPath": null
                                                                }
                                                            ],
                                                            "nutrifactsUrl": null,
                                                            "productId": "583329",
                                                            "categoryIdPath": "483475.483627.483634",
                                                            "isAvailable": true,
                                                            "isSnapEligible": null,
                                                            "restrictions": null,
                                                            "brand": null,
                                                            "ownBrand": false,
                                                            "position": 42,
                                                            "categories": [
                                                                {
                                                                    "id": null,
                                                                    "name": null,
                                                                    "idPath": null
                                                                },
                                                                {
                                                                    "id": null,
                                                                    "name": null,
                                                                    "idPath": null
                                                                },
                                                                {
                                                                    "id": null,
                                                                    "name": null,
                                                                    "idPath": null
                                                                }
                                                            ],
                                                            "onEvent": null,
                                                            "preferences": null,
                                                            "productPresentation": null,
                                                            "presentationComponent": null,
                                                            "productComponents": [
                                                            ],
                                                            "presentationPriceRange": null,
                                                            "new": false,
                                                            "on_ad": false,
                                                            "productBadge": null,
                                                            "price_locations": [
                                                                {
                                                                    "__typename": "PriceLocation",
                                                                    "in_assortment": true,
                                                                    "store_id": 55
                                                                },
                                                                {
                                                                    "__typename": "PriceLocation",
                                                                    "in_assortment": true,
                                                                    "store_id": 61
                                                                },
                                                                {
                                                                    "__typename": "PriceLocation",
                                                                    "in_assortment": true,
                                                                    "store_id": 191
                                                                },
                                                                {
                                                                    "__typename": "PriceLocation",
                                                                    "in_assortment": true,
                                                                    "store_id": 420
                                                                },
                                                                {
                                                                    "__typename": "PriceLocation",
                                                                    "in_assortment": true,
                                                                    "store_id": 491
                                                                },
                                                                {
                                                                    "__typename": "PriceLocation",
                                                                    "in_assortment": true,
                                                                    "store_id": 545
                                                                },
                                                                {
                                                                    "__typename": "PriceLocation",
                                                                    "in_assortment": true,
                                                                    "store_id": 546
                                                                },
                                                                {
                                                                    "__typename": "PriceLocation",
                                                                    "in_assortment": true,
                                                                    "store_id": 552
                                                                },
                                                                {
                                                                    "__typename": "PriceLocation",
                                                                    "in_assortment": true,
                                                                    "store_id": 653
                                                                },
                                                                {
                                                                    "__typename": "PriceLocation",
                                                                    "in_assortment": true,
                                                                    "store_id": 747
                                                                }
                                                            ]
                                                        },
                                                        {
                                                            "alcoholRestricted": false,
                                                            "baseImageUrl": "https://images.heb.com/is/image/HEBGrocery/000320818-1",
                                                            "title": "Fresh Buddha's Hand",
                                                            "description": "Mainly used for its zest, Buddha's Hand is an intriguing-looking citrus fruit. Also known as the Fingered Citron, it's treasured for its sweet floral fragrance. Inside, there's little to no flesh or juice  just rind and pith. To use Buddha's hand, break off a \"finger\" and grate or peel the bright lemon skin for baked goods, salad dressing, drinks, marinades or any recipe that calls for lemon or orange zest.\u003cbr\u003e\u003cbr\u003e\u0026bull; Buddha's Hand\u003cbr\u003e\u0026bull; Bright yellow citrus fruit\u003cbr\u003e\u0026bull; Mainly used for its zest\u003cbr\u003e\u0026bull; Little to no flesh or juice inside\u003cbr\u003e\u0026bull; Great for baking, salad dressing, drinks and marinades",
                                                            "minimumQuantity": 1,
                                                            "maximumQuantity": 20,
                                                            "orderIncrement": 1,
                                                            "soldBy": "EAWT",
                                                            "amount": 4.49,
                                                            "price": "$4.49",
                                                            "listPrice": "$4.49",
                                                            "priceUom": "ea",
                                                            "isOnSale": false,
                                                            "savings": null,
                                                            "eawtDetails": {
                                                                "averageWeight": 0.75,
                                                                "uom": "lb",
                                                                "price": "$5.99",
                                                                "amount": 5.99
                                                            },
                                                            "categoryPath": [
                                                                {
                                                                    "id": "483475",
                                                                    "name": "Fruits \u0026 Vegetables",
                                                                    "nameSlug": null,
                                                                    "idPath": null
                                                                },
                                                                {
                                                                    "id": "483627",
                                                                    "name": "Fruit",
                                                                    "nameSlug": null,
                                                                    "idPath": null
                                                                },
                                                                {
                                                                    "id": "1179939",
                                                                    "name": "Citrus",
                                                                    "nameSlug": null,
                                                                    "idPath": null
                                                                },
                                                                {
                                                                    "id": "1179940",
                                                                    "name": "Lemons",
                                                                    "nameSlug": null,
                                                                    "idPath": null
                                                                }
                                                            ],
                                                            "nutrifactsUrl": null,
                                                            "productId": "320818",
                                                            "categoryIdPath": "483475.483627.1179939.1179940",
                                                            "isAvailable": true,
                                                            "isSnapEligible": null,
                                                            "restrictions": null,
                                                            "brand": null,
                                                            "ownBrand": false,
                                                            "position": 43,
                                                            "categories": [
                                                                {
                                                                    "id": null,
                                                                    "name": null,
                                                                    "idPath": null
                                                                },
                                                                {
                                                                    "id": null,
                                                                    "name": null,
                                                                    "idPath": null
                                                                },
                                                                {
                                                                    "id": null,
                                                                    "name": null,
                                                                    "idPath": null
                                                                },
                                                                {
                                                                    "id": null,
                                                                    "name": null,
                                                                    "idPath": null
                                                                }
                                                            ],
                                                            "onEvent": null,
                                                            "preferences": null,
                                                            "productPresentation": null,
                                                            "presentationComponent": null,
                                                            "productComponents": [
                                                            ],
                                                            "presentationPriceRange": null,
                                                            "new": false,
                                                            "on_ad": false,
                                                            "productBadge": null,
                                                            "price_locations": [
                                                                {
                                                                    "__typename": "PriceLocation",
                                                                    "in_assortment": true,
                                                                    "store_id": 55
                                                                },
                                                                {
                                                                    "__typename": "PriceLocation",
                                                                    "in_assortment": true,
                                                                    "store_id": 61
                                                                },
                                                                {
                                                                    "__typename": "PriceLocation",
                                                                    "in_assortment": true,
                                                                    "store_id": 191
                                                                },
                                                                {
                                                                    "__typename": "PriceLocation",
                                                                    "in_assortment": true,
                                                                    "store_id": 420
                                                                },
                                                                {
                                                                    "__typename": "PriceLocation",
                                                                    "in_assortment": true,
                                                                    "store_id": 491
                                                                },
                                                                {
                                                                    "__typename": "PriceLocation",
                                                                    "in_assortment": true,
                                                                    "store_id": 545
                                                                },
                                                                {
                                                                    "__typename": "PriceLocation",
                                                                    "in_assortment": true,
                                                                    "store_id": 546
                                                                },
                                                                {
                                                                    "__typename": "PriceLocation",
                                                                    "in_assortment": true,
                                                                    "store_id": 552
                                                                },
                                                                {
                                                                    "__typename": "PriceLocation",
                                                                    "in_assortment": false,
                                                                    "store_id": 653
                                                                },
                                                                {
                                                                    "__typename": "PriceLocation",
                                                                    "in_assortment": true,
                                                                    "store_id": 747
                                                                }
                                                            ]
                                                        },
                                                        {
                                                            "alcoholRestricted": false,
                                                            "baseImageUrl": "https://images.heb.com/is/image/HEBGrocery/000375297-1",
                                                            "title": "Fresh Tamarillos, EACH",
                                                            "description": "Tamarillos, a.k.a. tree tomato, Best peeled and eaten as is or in your favorite recipe. As the alternative name suggest, the flavor is similar to a juicy ripe tomato and can be used as such once peeled.",
                                                            "minimumQuantity": 1,
                                                            "maximumQuantity": 20,
                                                            "orderIncrement": 1,
                                                            "soldBy": "EACH",
                                                            "amount": 2.49,
                                                            "price": "$2.49",
                                                            "listPrice": "$2.49",
                                                            "priceUom": "ea",
                                                            "isOnSale": false,
                                                            "savings": null,
                                                            "eawtDetails": null,
                                                            "categoryPath": [
                                                                {
                                                                    "id": "483475",
                                                                    "name": "Fruits \u0026 Vegetables",
                                                                    "nameSlug": null,
                                                                    "idPath": null
                                                                },
                                                                {
                                                                    "id": "483627",
                                                                    "name": "Fruit",
                                                                    "nameSlug": null,
                                                                    "idPath": null
                                                                },
                                                                {
                                                                    "id": "1179951",
                                                                    "name": "Tropical \u0026 Specialty",
                                                                    "nameSlug": null,
                                                                    "idPath": null
                                                                }
                                                            ],
                                                            "nutrifactsUrl": "https://services.centralmarket.com/cm-catalog/catalog/v1/nutrifacts/375297",
                                                            "productId": "375297",
                                                            "categoryIdPath": "483475.483627.1179951",
                                                            "isAvailable": true,
                                                            "isSnapEligible": null,
                                                            "restrictions": null,
                                                            "brand": null,
                                                            "ownBrand": false,
                                                            "position": 44,
                                                            "categories": [
                                                                {
                                                                    "id": null,
                                                                    "name": null,
                                                                    "idPath": null
                                                                },
                                                                {
                                                                    "id": null,
                                                                    "name": null,
                                                                    "idPath": null
                                                                },
                                                                {
                                                                    "id": null,
                                                                    "name": null,
                                                                    "idPath": null
                                                                }
                                                            ],
                                                            "onEvent": null,
                                                            "preferences": null,
                                                            "productPresentation": null,
                                                            "presentationComponent": null,
                                                            "productComponents": [
                                                            ],
                                                            "presentationPriceRange": null,
                                                            "new": false,
                                                            "on_ad": false,
                                                            "productBadge": null,
                                                            "price_locations": [
                                                                {
                                                                    "__typename": "PriceLocation",
                                                                    "in_assortment": false,
                                                                    "store_id": 55
                                                                },
                                                                {
                                                                    "__typename": "PriceLocation",
                                                                    "in_assortment": true,
                                                                    "store_id": 61
                                                                },
                                                                {
                                                                    "__typename": "PriceLocation",
                                                                    "in_assortment": false,
                                                                    "store_id": 191
                                                                },
                                                                {
                                                                    "__typename": "PriceLocation",
                                                                    "in_assortment": false,
                                                                    "store_id": 420
                                                                },
                                                                {
                                                                    "__typename": "PriceLocation",
                                                                    "in_assortment": true,
                                                                    "store_id": 491
                                                                },
                                                                {
                                                                    "__typename": "PriceLocation",
                                                                    "in_assortment": false,
                                                                    "store_id": 545
                                                                },
                                                                {
                                                                    "__typename": "PriceLocation",
                                                                    "in_assortment": true,
                                                                    "store_id": 546
                                                                },
                                                                {
                                                                    "__typename": "PriceLocation",
                                                                    "in_assortment": false,
                                                                    "store_id": 552
                                                                },
                                                                {
                                                                    "__typename": "PriceLocation",
                                                                    "in_assortment": false,
                                                                    "store_id": 653
                                                                },
                                                                {
                                                                    "__typename": "PriceLocation",
                                                                    "in_assortment": false,
                                                                    "store_id": 747
                                                                }
                                                            ]
                                                        },
                                                        {
                                                            "alcoholRestricted": false,
                                                            "baseImageUrl": "https://images.heb.com/is/image/HEBGrocery/005977544-1",
                                                            "title": "Lucy Rose Apple",
                                                            "description": "The Lucy\u0026trade; Rose boasts a sweet flavor with a hint of berry, beautiful red skin on the outside, and naturally red inside. They are the perfect crisp, snacking apple and are striking in fresh salads or as an attractive surprise element in your favorite baking recipes.",
                                                            "minimumQuantity": 1,
                                                            "maximumQuantity": 20,
                                                            "orderIncrement": 1,
                                                            "soldBy": "EAWT",
                                                            "amount": 1.83,
                                                            "price": "$1.83",
                                                            "listPrice": "$1.83",
                                                            "priceUom": "ea",
                                                            "isOnSale": false,
                                                            "savings": null,
                                                            "eawtDetails": {
                                                                "averageWeight": 0.46,
                                                                "uom": "lb",
                                                                "price": "$3.98",
                                                                "amount": 3.98
                                                            },
                                                            "categoryPath": [
                                                                {
                                                                    "id": "483475",
                                                                    "name": "Fruits \u0026 Vegetables",
                                                                    "nameSlug": null,
                                                                    "idPath": null
                                                                },
                                                                {
                                                                    "id": "483627",
                                                                    "name": "Fruit",
                                                                    "nameSlug": null,
                                                                    "idPath": null
                                                                },
                                                                {
                                                                    "id": "483629",
                                                                    "name": "Apples",
                                                                    "nameSlug": null,
                                                                    "idPath": null
                                                                }
                                                            ],
                                                            "nutrifactsUrl": null,
                                                            "productId": "5977544",
                                                            "categoryIdPath": "483475.483627.483629",
                                                            "isAvailable": true,
                                                            "isSnapEligible": null,
                                                            "restrictions": null,
                                                            "brand": null,
                                                            "ownBrand": false,
                                                            "position": 45,
                                                            "categories": [
                                                                {
                                                                    "id": null,
                                                                    "name": null,
                                                                    "idPath": null
                                                                },
                                                                {
                                                                    "id": null,
                                                                    "name": null,
                                                                    "idPath": null
                                                                },
                                                                {
                                                                    "id": null,
                                                                    "name": null,
                                                                    "idPath": null
                                                                }
                                                            ],
                                                            "onEvent": null,
                                                            "preferences": null,
                                                            "productPresentation": null,
                                                            "presentationComponent": null,
                                                            "productComponents": [
                                                            ],
                                                            "presentationPriceRange": null,
                                                            "new": false,
                                                            "on_ad": false,
                                                            "productBadge": null,
                                                            "price_locations": [
                                                                {
                                                                    "__typename": "PriceLocation",
                                                                    "in_assortment": true,
                                                                    "store_id": 55
                                                                },
                                                                {
                                                                    "__typename": "PriceLocation",
                                                                    "in_assortment": true,
                                                                    "store_id": 61
                                                                },
                                                                {
                                                                    "__typename": "PriceLocation",
                                                                    "in_assortment": true,
                                                                    "store_id": 191
                                                                },
                                                                {
                                                                    "__typename": "PriceLocation",
                                                                    "in_assortment": true,
                                                                    "store_id": 420
                                                                },
                                                                {
                                                                    "__typename": "PriceLocation",
                                                                    "in_assortment": true,
                                                                    "store_id": 491
                                                                },
                                                                {
                                                                    "__typename": "PriceLocation",
                                                                    "in_assortment": true,
                                                                    "store_id": 545
                                                                },
                                                                {
                                                                    "__typename": "PriceLocation",
                                                                    "in_assortment": true,
                                                                    "store_id": 546
                                                                },
                                                                {
                                                                    "__typename": "PriceLocation",
                                                                    "in_assortment": true,
                                                                    "store_id": 552
                                                                },
                                                                {
                                                                    "__typename": "PriceLocation",
                                                                    "in_assortment": false,
                                                                    "store_id": 653
                                                                },
                                                                {
                                                                    "__typename": "PriceLocation",
                                                                    "in_assortment": true,
                                                                    "store_id": 747
                                                                }
                                                            ]
                                                        },
                                                        {
                                                            "alcoholRestricted": false,
                                                            "baseImageUrl": "https://images.heb.com/is/image/HEBGrocery/000513694-1",
                                                            "title": "Fresh Green Bartlett Pear",
                                                            "description": "A sure sign of the fall season, green Bartlett pears are juicy with a smooth, buttery texture when fully ripe. Great for snacking on, they can also be baked or grilled. Slice some into wedges for your next charcuterie board, or dice them up for a sweet addition to a salad. Let them ripen by placing some in a fruit bowl on your countertop.\u003cbr\u003e\u003cbr\u003e\u0026bull; Green Bartlett pear (1 \"Add to Cart\" = 1 pear)\u003cbr\u003e\u0026bull; Juicy with a smooth, buttery texture\u003cbr\u003e\u0026bull; Can be baked or grilled\u003cbr\u003e\u0026bull; Great for salads and charcuterie boards\u003cbr\u003e\u0026bull; Ripen by leaving them out in a fruit bowl on your countertop",
                                                            "minimumQuantity": 1,
                                                            "maximumQuantity": 20,
                                                            "orderIncrement": 1,
                                                            "soldBy": "EAWT",
                                                            "amount": 1.24,
                                                            "price": "$1.24",
                                                            "listPrice": "$1.24",
                                                            "priceUom": "ea",
                                                            "isOnSale": false,
                                                            "savings": null,
                                                            "eawtDetails": {
                                                                "averageWeight": 0.5,
                                                                "uom": "lb",
                                                                "price": "$2.48",
                                                                "amount": 2.48
                                                            },
                                                            "categoryPath": [
                                                                {
                                                                    "id": "483475",
                                                                    "name": "Fruits \u0026 Vegetables",
                                                                    "nameSlug": null,
                                                                    "idPath": null
                                                                },
                                                                {
                                                                    "id": "483627",
                                                                    "name": "Fruit",
                                                                    "nameSlug": null,
                                                                    "idPath": null
                                                                },
                                                                {
                                                                    "id": "483635",
                                                                    "name": "Pears",
                                                                    "nameSlug": null,
                                                                    "idPath": null
                                                                }
                                                            ],
                                                            "nutrifactsUrl": "https://services.centralmarket.com/cm-catalog/catalog/v1/nutrifacts/513694",
                                                            "productId": "513694",
                                                            "categoryIdPath": "483475.483627.483635",
                                                            "isAvailable": false,
                                                            "isSnapEligible": null,
                                                            "restrictions": null,
                                                            "brand": null,
                                                            "ownBrand": false,
                                                            "position": 46,
                                                            "categories": [
                                                                {
                                                                    "id": null,
                                                                    "name": null,
                                                                    "idPath": null
                                                                },
                                                                {
                                                                    "id": null,
                                                                    "name": null,
                                                                    "idPath": null
                                                                },
                                                                {
                                                                    "id": null,
                                                                    "name": null,
                                                                    "idPath": null
                                                                }
                                                            ],
                                                            "onEvent": null,
                                                            "preferences": null,
                                                            "productPresentation": null,
                                                            "presentationComponent": null,
                                                            "productComponents": [
                                                            ],
                                                            "presentationPriceRange": null,
                                                            "new": false,
                                                            "on_ad": false,
                                                            "productBadge": null,
                                                            "price_locations": [
                                                                {
                                                                    "__typename": "PriceLocation",
                                                                    "in_assortment": true,
                                                                    "store_id": 55
                                                                },
                                                                {
                                                                    "__typename": "PriceLocation",
                                                                    "in_assortment": true,
                                                                    "store_id": 61
                                                                },
                                                                {
                                                                    "__typename": "PriceLocation",
                                                                    "in_assortment": true,
                                                                    "store_id": 191
                                                                },
                                                                {
                                                                    "__typename": "PriceLocation",
                                                                    "in_assortment": true,
                                                                    "store_id": 420
                                                                },
                                                                {
                                                                    "__typename": "PriceLocation",
                                                                    "in_assortment": true,
                                                                    "store_id": 491
                                                                },
                                                                {
                                                                    "__typename": "PriceLocation",
                                                                    "in_assortment": true,
                                                                    "store_id": 545
                                                                },
                                                                {
                                                                    "__typename": "PriceLocation",
                                                                    "in_assortment": true,
                                                                    "store_id": 546
                                                                },
                                                                {
                                                                    "__typename": "PriceLocation",
                                                                    "in_assortment": true,
                                                                    "store_id": 552
                                                                },
                                                                {
                                                                    "__typename": "PriceLocation",
                                                                    "in_assortment": true,
                                                                    "store_id": 653
                                                                },
                                                                {
                                                                    "__typename": "PriceLocation",
                                                                    "in_assortment": true,
                                                                    "store_id": 747
                                                                }
                                                            ]
                                                        },
                                                        {
                                                            "alcoholRestricted": false,
                                                            "baseImageUrl": "https://images.heb.com/is/image/HEBGrocery/000320302-1",
                                                            "title": "Fresh Organic Raspberries, 6 oz",
                                                            "description": "\u003cp\u003e\u003cspan style=\"color: rgb(51, 51, 51); font-family: \u0026quot;Open Sans\u0026quot;, sans-serif; font-size: 14px; white-space: normal;\"\u003eFor tangy sweetness, add some fresh, organic raspberries to your cart. Great atop cereal or yogurt this fruit also comes in handy for making smoothies or your favorite desserts.\u003c/span\u003e\u003c/p\u003e\u003cul\u003e\u003cli\u003e\u003cspan style=\"color: rgb(51, 51, 51);\"\u003eFresh raspberries\u003c/span\u003e\u003c/li\u003e\u003cli\u003e\u003cspan style=\"color: rgb(51, 51, 51);\"\u003eUSDA Organic\u003c/span\u003e\u003c/li\u003e\u003cli\u003e\u003cspan style=\"color: rgb(51, 51, 51);\"\u003eTangy and sweet\u003c/span\u003e\u003c/li\u003e\u003cli\u003eVegan\u003c/li\u003e\u003c/ul\u003e",
                                                            "minimumQuantity": 1,
                                                            "maximumQuantity": 20,
                                                            "orderIncrement": 1,
                                                            "soldBy": "EACH",
                                                            "amount": 4.99,
                                                            "price": "$4.99",
                                                            "listPrice": "$4.99",
                                                            "priceUom": "ea",
                                                            "isOnSale": false,
                                                            "savings": null,
                                                            "eawtDetails": null,
                                                            "categoryPath": [
                                                                {
                                                                    "id": "483475",
                                                                    "name": "Fruits \u0026 Vegetables",
                                                                    "nameSlug": null,
                                                                    "idPath": null
                                                                },
                                                                {
                                                                    "id": "483627",
                                                                    "name": "Fruit",
                                                                    "nameSlug": null,
                                                                    "idPath": null
                                                                },
                                                                {
                                                                    "id": "483631",
                                                                    "name": "Berries",
                                                                    "nameSlug": null,
                                                                    "idPath": null
                                                                }
                                                            ],
                                                            "nutrifactsUrl": null,
                                                            "productId": "320302",
                                                            "categoryIdPath": "483475.483627.483631",
                                                            "isAvailable": false,
                                                            "isSnapEligible": null,
                                                            "restrictions": null,
                                                            "brand": null,
                                                            "ownBrand": false,
                                                            "position": 47,
                                                            "categories": [
                                                                {
                                                                    "id": null,
                                                                    "name": null,
                                                                    "idPath": null
                                                                },
                                                                {
                                                                    "id": null,
                                                                    "name": null,
                                                                    "idPath": null
                                                                },
                                                                {
                                                                    "id": null,
                                                                    "name": null,
                                                                    "idPath": null
                                                                }
                                                            ],
                                                            "onEvent": null,
                                                            "preferences": null,
                                                            "productPresentation": null,
                                                            "presentationComponent": null,
                                                            "productComponents": [
                                                            ],
                                                            "presentationPriceRange": null,
                                                            "new": false,
                                                            "on_ad": false,
                                                            "productBadge": null,
                                                            "price_locations": [
                                                                {
                                                                    "__typename": "PriceLocation",
                                                                    "in_assortment": true,
                                                                    "store_id": 55
                                                                },
                                                                {
                                                                    "__typename": "PriceLocation",
                                                                    "in_assortment": true,
                                                                    "store_id": 61
                                                                },
                                                                {
                                                                    "__typename": "PriceLocation",
                                                                    "in_assortment": true,
                                                                    "store_id": 191
                                                                },
                                                                {
                                                                    "__typename": "PriceLocation",
                                                                    "in_assortment": true,
                                                                    "store_id": 420
                                                                },
                                                                {
                                                                    "__typename": "PriceLocation",
                                                                    "in_assortment": true,
                                                                    "store_id": 491
                                                                },
                                                                {
                                                                    "__typename": "PriceLocation",
                                                                    "in_assortment": true,
                                                                    "store_id": 545
                                                                },
                                                                {
                                                                    "__typename": "PriceLocation",
                                                                    "in_assortment": true,
                                                                    "store_id": 546
                                                                },
                                                                {
                                                                    "__typename": "PriceLocation",
                                                                    "in_assortment": true,
                                                                    "store_id": 552
                                                                },
                                                                {
                                                                    "__typename": "PriceLocation",
                                                                    "in_assortment": true,
                                                                    "store_id": 653
                                                                },
                                                                {
                                                                    "__typename": "PriceLocation",
                                                                    "in_assortment": true,
                                                                    "store_id": 747
                                                                }
                                                            ]
                                                        },
                                                        {
                                                            "alcoholRestricted": false,
                                                            "baseImageUrl": "https://images.heb.com/is/image/HEBGrocery/000321164-1",
                                                            "title": "Fresh Passion Fruit, Each",
                                                            "description": "Commonly used in South American cuisine, passion fruit has a sweet, refreshing taste. You'll know it's ripe when its smooth, glossy skin becomes slightly wrinkly. Slice passion fruit in half and scoop out the jelly-like seed-filled yellow pulp for desserts, sauces and drinks. You can also enjoy the pulp on its own, crunchy seeds and all.\u003cbr\u003e\u003cbr\u003e\u0026bull; Passion fruit (sold individually)\u003cbr\u003e\u0026bull; Sweet refreshing taste\u003cbr\u003e\u0026bull; Ripe when skin is slightly wrinkly\u003cbr\u003e\u0026bull; Yellow jelly-like pulp that's seed-filled\u003cbr\u003e\u0026bull; Commonly used in South American dishes\u003cbr\u003e\u0026bull; Great for desserts, sauces and drinks",
                                                            "minimumQuantity": 1,
                                                            "maximumQuantity": 20,
                                                            "orderIncrement": 1,
                                                            "soldBy": "EACH",
                                                            "amount": 4.98,
                                                            "price": "$4.98",
                                                            "listPrice": "$4.98",
                                                            "priceUom": "ea",
                                                            "isOnSale": false,
                                                            "savings": null,
                                                            "eawtDetails": null,
                                                            "categoryPath": [
                                                                {
                                                                    "id": "483475",
                                                                    "name": "Fruits \u0026 Vegetables",
                                                                    "nameSlug": null,
                                                                    "idPath": null
                                                                },
                                                                {
                                                                    "id": "483627",
                                                                    "name": "Fruit",
                                                                    "nameSlug": null,
                                                                    "idPath": null
                                                                },
                                                                {
                                                                    "id": "1179951",
                                                                    "name": "Tropical \u0026 Specialty",
                                                                    "nameSlug": null,
                                                                    "idPath": null
                                                                }
                                                            ],
                                                            "nutrifactsUrl": "https://services.centralmarket.com/cm-catalog/catalog/v1/nutrifacts/321164",
                                                            "productId": "321164",
                                                            "categoryIdPath": "483475.483627.1179951",
                                                            "isAvailable": false,
                                                            "isSnapEligible": null,
                                                            "restrictions": null,
                                                            "brand": null,
                                                            "ownBrand": false,
                                                            "position": 48,
                                                            "categories": [
                                                                {
                                                                    "id": null,
                                                                    "name": null,
                                                                    "idPath": null
                                                                },
                                                                {
                                                                    "id": null,
                                                                    "name": null,
                                                                    "idPath": null
                                                                },
                                                                {
                                                                    "id": null,
                                                                    "name": null,
                                                                    "idPath": null
                                                                }
                                                            ],
                                                            "onEvent": null,
                                                            "preferences": null,
                                                            "productPresentation": null,
                                                            "presentationComponent": null,
                                                            "productComponents": [
                                                            ],
                                                            "presentationPriceRange": null,
                                                            "new": false,
                                                            "on_ad": false,
                                                            "productBadge": null,
                                                            "price_locations": [
                                                                {
                                                                    "__typename": "PriceLocation",
                                                                    "in_assortment": true,
                                                                    "store_id": 55
                                                                },
                                                                {
                                                                    "__typename": "PriceLocation",
                                                                    "in_assortment": true,
                                                                    "store_id": 61
                                                                },
                                                                {
                                                                    "__typename": "PriceLocation",
                                                                    "in_assortment": true,
                                                                    "store_id": 191
                                                                },
                                                                {
                                                                    "__typename": "PriceLocation",
                                                                    "in_assortment": true,
                                                                    "store_id": 420
                                                                },
                                                                {
                                                                    "__typename": "PriceLocation",
                                                                    "in_assortment": true,
                                                                    "store_id": 491
                                                                },
                                                                {
                                                                    "__typename": "PriceLocation",
                                                                    "in_assortment": true,
                                                                    "store_id": 545
                                                                },
                                                                {
                                                                    "__typename": "PriceLocation",
                                                                    "in_assortment": true,
                                                                    "store_id": 546
                                                                },
                                                                {
                                                                    "__typename": "PriceLocation",
                                                                    "in_assortment": true,
                                                                    "store_id": 552
                                                                },
                                                                {
                                                                    "__typename": "PriceLocation",
                                                                    "in_assortment": false,
                                                                    "store_id": 653
                                                                },
                                                                {
                                                                    "__typename": "PriceLocation",
                                                                    "in_assortment": false,
                                                                    "store_id": 747
                                                                }
                                                            ]
                                                        },
                                                        {
                                                            "alcoholRestricted": false,
                                                            "baseImageUrl": "https://images.heb.com/is/image/HEBGrocery/000377501-1",
                                                            "title": "Fresh McIntosh\u0026nbsp;Apple",
                                                            "description": "With a vibrant red and green skin, McIntosh apples are an absolute classic. They offer a sweet, semi-tart taste with hints of spice. Plus, their juicy, crisp flesh makes them the perfect apple to make fall favorites such as applesauce, cider, pies and cakes.\u003cbr\u003e\u003cbr\u003e\u0026bull; McIntosh apple\u003cbr\u003e\u0026bull; Semi-tart flavor with hints of spice\u003cbr\u003e\u0026bull; Juicy, crisp flesh\u003cbr\u003e\u0026bull; Great for fall favorites like applesauce cider, pies and cakes",
                                                            "minimumQuantity": 1,
                                                            "maximumQuantity": 20,
                                                            "orderIncrement": 1,
                                                            "soldBy": "EAWT",
                                                            "amount": 1.29,
                                                            "price": "$1.29",
                                                            "listPrice": "$1.29",
                                                            "priceUom": "ea",
                                                            "isOnSale": false,
                                                            "savings": null,
                                                            "eawtDetails": {
                                                                "averageWeight": 0.65,
                                                                "uom": "lb",
                                                                "price": "$1.99",
                                                                "amount": 1.99
                                                            },
                                                            "categoryPath": [
                                                                {
                                                                    "id": "483475",
                                                                    "name": "Fruits \u0026 Vegetables",
                                                                    "nameSlug": null,
                                                                    "idPath": null
                                                                },
                                                                {
                                                                    "id": "483627",
                                                                    "name": "Fruit",
                                                                    "nameSlug": null,
                                                                    "idPath": null
                                                                },
                                                                {
                                                                    "id": "483629",
                                                                    "name": "Apples",
                                                                    "nameSlug": null,
                                                                    "idPath": null
                                                                }
                                                            ],
                                                            "nutrifactsUrl": null,
                                                            "productId": "377501",
                                                            "categoryIdPath": "483475.483627.483629",
                                                            "isAvailable": true,
                                                            "isSnapEligible": null,
                                                            "restrictions": null,
                                                            "brand": null,
                                                            "ownBrand": false,
                                                            "position": 49,
                                                            "categories": [
                                                                {
                                                                    "id": null,
                                                                    "name": null,
                                                                    "idPath": null
                                                                },
                                                                {
                                                                    "id": null,
                                                                    "name": null,
                                                                    "idPath": null
                                                                },
                                                                {
                                                                    "id": null,
                                                                    "name": null,
                                                                    "idPath": null
                                                                }
                                                            ],
                                                            "onEvent": null,
                                                            "preferences": null,
                                                            "productPresentation": null,
                                                            "presentationComponent": null,
                                                            "productComponents": [
                                                            ],
                                                            "presentationPriceRange": null,
                                                            "new": false,
                                                            "on_ad": false,
                                                            "productBadge": null,
                                                            "price_locations": [
                                                                {
                                                                    "__typename": "PriceLocation",
                                                                    "in_assortment": true,
                                                                    "store_id": 55
                                                                },
                                                                {
                                                                    "__typename": "PriceLocation",
                                                                    "in_assortment": true,
                                                                    "store_id": 61
                                                                },
                                                                {
                                                                    "__typename": "PriceLocation",
                                                                    "in_assortment": true,
                                                                    "store_id": 191
                                                                },
                                                                {
                                                                    "__typename": "PriceLocation",
                                                                    "in_assortment": true,
                                                                    "store_id": 420
                                                                },
                                                                {
                                                                    "__typename": "PriceLocation",
                                                                    "in_assortment": true,
                                                                    "store_id": 491
                                                                },
                                                                {
                                                                    "__typename": "PriceLocation",
                                                                    "in_assortment": true,
                                                                    "store_id": 545
                                                                },
                                                                {
                                                                    "__typename": "PriceLocation",
                                                                    "in_assortment": true,
                                                                    "store_id": 546
                                                                },
                                                                {
                                                                    "__typename": "PriceLocation",
                                                                    "in_assortment": true,
                                                                    "store_id": 552
                                                                },
                                                                {
                                                                    "__typename": "PriceLocation",
                                                                    "in_assortment": true,
                                                                    "store_id": 653
                                                                },
                                                                {
                                                                    "__typename": "PriceLocation",
                                                                    "in_assortment": true,
                                                                    "store_id": 747
                                                                }
                                                            ]
                                                        },
                                                        {
                                                            "alcoholRestricted": false,
                                                            "baseImageUrl": "https://images.heb.com/is/image/HEBGrocery/001346870-1",
                                                            "title": "Fresh SweeTango Apple",
                                                            "description": "As its name implies, SweeTango apples are semi-sweet in flavor, making them a perfect fresh snack. With an extra crunchy texture and vibrant red color, SweetTango apples are also great for baking tarts, pies and muffins.\u003cbr\u003e\u003cbr\u003e\u0026bull; SweeTango apple\u003cbr\u003e\u0026bull; Semi-sweet flavor\u003cbr\u003e\u0026bull; Extra crunchy texture and vibrant red color\u003cbr\u003e\u0026bull; Delicious as a fresh fruit snack or baking tarts, pies and muffins",
                                                            "minimumQuantity": 1,
                                                            "maximumQuantity": 20,
                                                            "orderIncrement": 1,
                                                            "soldBy": "EAWT",
                                                            "amount": 1.44,
                                                            "price": "$1.44",
                                                            "listPrice": "$1.44",
                                                            "priceUom": "ea",
                                                            "isOnSale": false,
                                                            "savings": null,
                                                            "eawtDetails": {
                                                                "averageWeight": 0.585,
                                                                "uom": "lb",
                                                                "price": "$2.47",
                                                                "amount": 2.47
                                                            },
                                                            "categoryPath": [
                                                                {
                                                                    "id": "483475",
                                                                    "name": "Fruits \u0026 Vegetables",
                                                                    "nameSlug": null,
                                                                    "idPath": null
                                                                },
                                                                {
                                                                    "id": "483627",
                                                                    "name": "Fruit",
                                                                    "nameSlug": null,
                                                                    "idPath": null
                                                                },
                                                                {
                                                                    "id": "483629",
                                                                    "name": "Apples",
                                                                    "nameSlug": null,
                                                                    "idPath": null
                                                                }
                                                            ],
                                                            "nutrifactsUrl": null,
                                                            "productId": "1346870",
                                                            "categoryIdPath": "483475.483627.483629",
                                                            "isAvailable": true,
                                                            "isSnapEligible": null,
                                                            "restrictions": null,
                                                            "brand": null,
                                                            "ownBrand": false,
                                                            "position": 50,
                                                            "categories": [
                                                                {
                                                                    "id": null,
                                                                    "name": null,
                                                                    "idPath": null
                                                                },
                                                                {
                                                                    "id": null,
                                                                    "name": null,
                                                                    "idPath": null
                                                                },
                                                                {
                                                                    "id": null,
                                                                    "name": null,
                                                                    "idPath": null
                                                                }
                                                            ],
                                                            "onEvent": null,
                                                            "preferences": null,
                                                            "productPresentation": null,
                                                            "presentationComponent": null,
                                                            "productComponents": [
                                                            ],
                                                            "presentationPriceRange": null,
                                                            "new": false,
                                                            "on_ad": false,
                                                            "productBadge": null,
                                                            "price_locations": [
                                                                {
                                                                    "__typename": "PriceLocation",
                                                                    "in_assortment": true,
                                                                    "store_id": 55
                                                                },
                                                                {
                                                                    "__typename": "PriceLocation",
                                                                    "in_assortment": true,
                                                                    "store_id": 61
                                                                },
                                                                {
                                                                    "__typename": "PriceLocation",
                                                                    "in_assortment": true,
                                                                    "store_id": 191
                                                                },
                                                                {
                                                                    "__typename": "PriceLocation",
                                                                    "in_assortment": true,
                                                                    "store_id": 420
                                                                },
                                                                {
                                                                    "__typename": "PriceLocation",
                                                                    "in_assortment": true,
                                                                    "store_id": 491
                                                                },
                                                                {
                                                                    "__typename": "PriceLocation",
                                                                    "in_assortment": true,
                                                                    "store_id": 545
                                                                },
                                                                {
                                                                    "__typename": "PriceLocation",
                                                                    "in_assortment": true,
                                                                    "store_id": 546
                                                                },
                                                                {
                                                                    "__typename": "PriceLocation",
                                                                    "in_assortment": true,
                                                                    "store_id": 552
                                                                },
                                                                {
                                                                    "__typename": "PriceLocation",
                                                                    "in_assortment": true,
                                                                    "store_id": 653
                                                                },
                                                                {
                                                                    "__typename": "PriceLocation",
                                                                    "in_assortment": true,
                                                                    "store_id": 747
                                                                }
                                                            ]
                                                        },
                                                        {
                                                            "alcoholRestricted": false,
                                                            "baseImageUrl": "https://images.heb.com/is/image/HEBGrocery/001359671-1",
                                                            "title": "Green Dragon Apples",
                                                            "description": "It is said to be the most aromatic of apples. The taste has been described as having somewhat of a pineapple flavor and yet others have compared it to a pear. It is sweet yet leaves a subtle hint of tartness behind.",
                                                            "minimumQuantity": 1,
                                                            "maximumQuantity": 20,
                                                            "orderIncrement": 1,
                                                            "soldBy": "EAWT",
                                                            "amount": 1.99,
                                                            "price": "$1.99",
                                                            "listPrice": "$1.99",
                                                            "priceUom": "ea",
                                                            "isOnSale": false,
                                                            "savings": null,
                                                            "eawtDetails": {
                                                                "averageWeight": 0.5,
                                                                "uom": "lb",
                                                                "price": "$3.98",
                                                                "amount": 3.98
                                                            },
                                                            "categoryPath": [
                                                                {
                                                                    "id": "483475",
                                                                    "name": "Fruits \u0026 Vegetables",
                                                                    "nameSlug": null,
                                                                    "idPath": null
                                                                },
                                                                {
                                                                    "id": "483627",
                                                                    "name": "Fruit",
                                                                    "nameSlug": null,
                                                                    "idPath": null
                                                                },
                                                                {
                                                                    "id": "483629",
                                                                    "name": "Apples",
                                                                    "nameSlug": null,
                                                                    "idPath": null
                                                                }
                                                            ],
                                                            "nutrifactsUrl": null,
                                                            "productId": "1359671",
                                                            "categoryIdPath": "483475.483627.483629",
                                                            "isAvailable": true,
                                                            "isSnapEligible": null,
                                                            "restrictions": null,
                                                            "brand": null,
                                                            "ownBrand": false,
                                                            "position": 51,
                                                            "categories": [
                                                                {
                                                                    "id": null,
                                                                    "name": null,
                                                                    "idPath": null
                                                                },
                                                                {
                                                                    "id": null,
                                                                    "name": null,
                                                                    "idPath": null
                                                                },
                                                                {
                                                                    "id": null,
                                                                    "name": null,
                                                                    "idPath": null
                                                                }
                                                            ],
                                                            "onEvent": null,
                                                            "preferences": null,
                                                            "productPresentation": null,
                                                            "presentationComponent": null,
                                                            "productComponents": [
                                                            ],
                                                            "presentationPriceRange": null,
                                                            "new": false,
                                                            "on_ad": false,
                                                            "productBadge": null,
                                                            "price_locations": [
                                                                {
                                                                    "__typename": "PriceLocation",
                                                                    "in_assortment": true,
                                                                    "store_id": 55
                                                                },
                                                                {
                                                                    "__typename": "PriceLocation",
                                                                    "in_assortment": true,
                                                                    "store_id": 61
                                                                },
                                                                {
                                                                    "__typename": "PriceLocation",
                                                                    "in_assortment": true,
                                                                    "store_id": 191
                                                                },
                                                                {
                                                                    "__typename": "PriceLocation",
                                                                    "in_assortment": true,
                                                                    "store_id": 420
                                                                },
                                                                {
                                                                    "__typename": "PriceLocation",
                                                                    "in_assortment": true,
                                                                    "store_id": 491
                                                                },
                                                                {
                                                                    "__typename": "PriceLocation",
                                                                    "in_assortment": true,
                                                                    "store_id": 545
                                                                },
                                                                {
                                                                    "__typename": "PriceLocation",
                                                                    "in_assortment": true,
                                                                    "store_id": 546
                                                                },
                                                                {
                                                                    "__typename": "PriceLocation",
                                                                    "in_assortment": true,
                                                                    "store_id": 552
                                                                },
                                                                {
                                                                    "__typename": "PriceLocation",
                                                                    "in_assortment": false,
                                                                    "store_id": 653
                                                                },
                                                                {
                                                                    "__typename": "PriceLocation",
                                                                    "in_assortment": false,
                                                                    "store_id": 747
                                                                }
                                                            ]
                                                        },
                                                        {
                                                            "alcoholRestricted": false,
                                                            "baseImageUrl": "https://images.heb.com/is/image/HEBGrocery/000325210-1",
                                                            "title": "Fresh Seedless\u0026nbsp;White Grapes",
                                                            "description": "Light and crisp, white grapes are sweet with a hint of tartness. Enjoy them as a fresh snack or pair with sliced meats and cheeses for a pop of flavor and texture.\u003cbr\u003e\u003cbr\u003e\u0026bull; Fresh white seedless grapes\u003cbr\u003e\u0026bull; Great snack option\u003cbr\u003e\u0026bull; Resealable bag",
                                                            "minimumQuantity": 1,
                                                            "maximumQuantity": 20,
                                                            "orderIncrement": 1,
                                                            "soldBy": "EAWT",
                                                            "amount": 7.96,
                                                            "price": "$7.96",
                                                            "listPrice": "$7.96",
                                                            "priceUom": "ea",
                                                            "isOnSale": false,
                                                            "savings": null,
                                                            "eawtDetails": {
                                                                "averageWeight": 2.29,
                                                                "uom": "lb",
                                                                "price": "$3.48",
                                                                "amount": 3.48
                                                            },
                                                            "categoryPath": [
                                                                {
                                                                    "id": "483475",
                                                                    "name": "Fruits \u0026 Vegetables",
                                                                    "nameSlug": null,
                                                                    "idPath": null
                                                                },
                                                                {
                                                                    "id": "483627",
                                                                    "name": "Fruit",
                                                                    "nameSlug": null,
                                                                    "idPath": null
                                                                },
                                                                {
                                                                    "id": "483633",
                                                                    "name": "Grapes",
                                                                    "nameSlug": null,
                                                                    "idPath": null
                                                                }
                                                            ],
                                                            "nutrifactsUrl": null,
                                                            "productId": "325210",
                                                            "categoryIdPath": "483475.483627.483633",
                                                            "isAvailable": false,
                                                            "isSnapEligible": null,
                                                            "restrictions": null,
                                                            "brand": null,
                                                            "ownBrand": false,
                                                            "position": 52,
                                                            "categories": [
                                                                {
                                                                    "id": null,
                                                                    "name": null,
                                                                    "idPath": null
                                                                },
                                                                {
                                                                    "id": null,
                                                                    "name": null,
                                                                    "idPath": null
                                                                },
                                                                {
                                                                    "id": null,
                                                                    "name": null,
                                                                    "idPath": null
                                                                }
                                                            ],
                                                            "onEvent": null,
                                                            "preferences": null,
                                                            "productPresentation": null,
                                                            "presentationComponent": null,
                                                            "productComponents": [
                                                            ],
                                                            "presentationPriceRange": null,
                                                            "new": false,
                                                            "on_ad": false,
                                                            "productBadge": null,
                                                            "price_locations": [
                                                                {
                                                                    "__typename": "PriceLocation",
                                                                    "in_assortment": true,
                                                                    "store_id": 55
                                                                },
                                                                {
                                                                    "__typename": "PriceLocation",
                                                                    "in_assortment": true,
                                                                    "store_id": 61
                                                                },
                                                                {
                                                                    "__typename": "PriceLocation",
                                                                    "in_assortment": true,
                                                                    "store_id": 191
                                                                },
                                                                {
                                                                    "__typename": "PriceLocation",
                                                                    "in_assortment": true,
                                                                    "store_id": 420
                                                                },
                                                                {
                                                                    "__typename": "PriceLocation",
                                                                    "in_assortment": true,
                                                                    "store_id": 491
                                                                },
                                                                {
                                                                    "__typename": "PriceLocation",
                                                                    "in_assortment": true,
                                                                    "store_id": 545
                                                                },
                                                                {
                                                                    "__typename": "PriceLocation",
                                                                    "in_assortment": true,
                                                                    "store_id": 546
                                                                },
                                                                {
                                                                    "__typename": "PriceLocation",
                                                                    "in_assortment": true,
                                                                    "store_id": 552
                                                                },
                                                                {
                                                                    "__typename": "PriceLocation",
                                                                    "in_assortment": true,
                                                                    "store_id": 653
                                                                },
                                                                {
                                                                    "__typename": "PriceLocation",
                                                                    "in_assortment": true,
                                                                    "store_id": 747
                                                                }
                                                            ]
                                                        },
                                                        {
                                                            "alcoholRestricted": false,
                                                            "baseImageUrl": "https://images.heb.com/is/image/HEBGrocery/008449514-1",
                                                            "title": "Central Market Family Sized Pineapple Chunks, ea",
                                                            "description": "Prepped and ready for refreshing snacks, daily smoothies, and easy breakfasts.",
                                                            "minimumQuantity": 1,
                                                            "maximumQuantity": 20,
                                                            "orderIncrement": 1,
                                                            "soldBy": "EACH",
                                                            "amount": 11.99,
                                                            "price": "$11.99",
                                                            "listPrice": "$11.99",
                                                            "priceUom": "ea",
                                                            "isOnSale": false,
                                                            "savings": null,
                                                            "eawtDetails": null,
                                                            "categoryPath": [
                                                                {
                                                                    "id": "483475",
                                                                    "name": "Fruits \u0026 Vegetables",
                                                                    "nameSlug": null,
                                                                    "idPath": null
                                                                },
                                                                {
                                                                    "id": "483627",
                                                                    "name": "Fruit",
                                                                    "nameSlug": null,
                                                                    "idPath": null
                                                                },
                                                                {
                                                                    "id": "1179949",
                                                                    "name": "Pre-Cut",
                                                                    "nameSlug": null,
                                                                    "idPath": null
                                                                }
                                                            ],
                                                            "nutrifactsUrl": "https://services.centralmarket.com/cm-catalog/catalog/v1/nutrifacts/8449514",
                                                            "productId": "8449514",
                                                            "categoryIdPath": "483475.483627.1179949",
                                                            "isAvailable": true,
                                                            "isSnapEligible": null,
                                                            "restrictions": null,
                                                            "brand": null,
                                                            "ownBrand": false,
                                                            "position": 53,
                                                            "categories": [
                                                                {
                                                                    "id": null,
                                                                    "name": null,
                                                                    "idPath": null
                                                                },
                                                                {
                                                                    "id": null,
                                                                    "name": null,
                                                                    "idPath": null
                                                                },
                                                                {
                                                                    "id": null,
                                                                    "name": null,
                                                                    "idPath": null
                                                                }
                                                            ],
                                                            "onEvent": null,
                                                            "preferences": null,
                                                            "productPresentation": null,
                                                            "presentationComponent": null,
                                                            "productComponents": [
                                                            ],
                                                            "presentationPriceRange": null,
                                                            "new": false,
                                                            "on_ad": false,
                                                            "productBadge": null,
                                                            "price_locations": [
                                                                {
                                                                    "__typename": "PriceLocation",
                                                                    "in_assortment": true,
                                                                    "store_id": 55
                                                                },
                                                                {
                                                                    "__typename": "PriceLocation",
                                                                    "in_assortment": true,
                                                                    "store_id": 61
                                                                },
                                                                {
                                                                    "__typename": "PriceLocation",
                                                                    "in_assortment": true,
                                                                    "store_id": 191
                                                                },
                                                                {
                                                                    "__typename": "PriceLocation",
                                                                    "in_assortment": true,
                                                                    "store_id": 420
                                                                },
                                                                {
                                                                    "__typename": "PriceLocation",
                                                                    "in_assortment": true,
                                                                    "store_id": 491
                                                                },
                                                                {
                                                                    "__typename": "PriceLocation",
                                                                    "in_assortment": true,
                                                                    "store_id": 545
                                                                },
                                                                {
                                                                    "__typename": "PriceLocation",
                                                                    "in_assortment": false,
                                                                    "store_id": 546
                                                                },
                                                                {
                                                                    "__typename": "PriceLocation",
                                                                    "in_assortment": true,
                                                                    "store_id": 552
                                                                },
                                                                {
                                                                    "__typename": "PriceLocation",
                                                                    "in_assortment": true,
                                                                    "store_id": 653
                                                                },
                                                                {
                                                                    "__typename": "PriceLocation",
                                                                    "in_assortment": true,
                                                                    "store_id": 747
                                                                }
                                                            ]
                                                        },
                                                        {
                                                            "alcoholRestricted": false,
                                                            "baseImageUrl": "https://images.heb.com/is/image/HEBGrocery/000320255-1",
                                                            "title": "Fresh Organic Granny Smith Apples",
                                                            "description": "Granny Smith apples are known for their distinctive bright green color. Crisp and crunchy with a flavorful, tart taste. This is the perfect apple for cooking and baking. Slice and add them to a charcuterie board. They pair deliciously with caramel, and are the best apple to use for caramel apples.",
                                                            "minimumQuantity": 1,
                                                            "maximumQuantity": 20,
                                                            "orderIncrement": 1,
                                                            "soldBy": "EAWT",
                                                            "amount": 1.79,
                                                            "price": "$1.79",
                                                            "listPrice": "$1.79",
                                                            "priceUom": "ea",
                                                            "isOnSale": false,
                                                            "savings": null,
                                                            "eawtDetails": {
                                                                "averageWeight": 0.6,
                                                                "uom": "lb",
                                                                "price": "$2.99",
                                                                "amount": 2.99
                                                            },
                                                            "categoryPath": [
                                                                {
                                                                    "id": "483475",
                                                                    "name": "Fruits \u0026 Vegetables",
                                                                    "nameSlug": null,
                                                                    "idPath": null
                                                                },
                                                                {
                                                                    "id": "483627",
                                                                    "name": "Fruit",
                                                                    "nameSlug": null,
                                                                    "idPath": null
                                                                },
                                                                {
                                                                    "id": "483629",
                                                                    "name": "Apples",
                                                                    "nameSlug": null,
                                                                    "idPath": null
                                                                }
                                                            ],
                                                            "nutrifactsUrl": null,
                                                            "productId": "320255",
                                                            "categoryIdPath": "483475.483627.483629",
                                                            "isAvailable": true,
                                                            "isSnapEligible": null,
                                                            "restrictions": null,
                                                            "brand": null,
                                                            "ownBrand": false,
                                                            "position": 54,
                                                            "categories": [
                                                                {
                                                                    "id": null,
                                                                    "name": null,
                                                                    "idPath": null
                                                                },
                                                                {
                                                                    "id": null,
                                                                    "name": null,
                                                                    "idPath": null
                                                                },
                                                                {
                                                                    "id": null,
                                                                    "name": null,
                                                                    "idPath": null
                                                                }
                                                            ],
                                                            "onEvent": null,
                                                            "preferences": null,
                                                            "productPresentation": null,
                                                            "presentationComponent": null,
                                                            "productComponents": [
                                                            ],
                                                            "presentationPriceRange": null,
                                                            "new": false,
                                                            "on_ad": false,
                                                            "productBadge": null,
                                                            "price_locations": [
                                                                {
                                                                    "__typename": "PriceLocation",
                                                                    "in_assortment": true,
                                                                    "store_id": 55
                                                                },
                                                                {
                                                                    "__typename": "PriceLocation",
                                                                    "in_assortment": true,
                                                                    "store_id": 61
                                                                },
                                                                {
                                                                    "__typename": "PriceLocation",
                                                                    "in_assortment": true,
                                                                    "store_id": 191
                                                                },
                                                                {
                                                                    "__typename": "PriceLocation",
                                                                    "in_assortment": true,
                                                                    "store_id": 420
                                                                },
                                                                {
                                                                    "__typename": "PriceLocation",
                                                                    "in_assortment": true,
                                                                    "store_id": 491
                                                                },
                                                                {
                                                                    "__typename": "PriceLocation",
                                                                    "in_assortment": true,
                                                                    "store_id": 545
                                                                },
                                                                {
                                                                    "__typename": "PriceLocation",
                                                                    "in_assortment": true,
                                                                    "store_id": 546
                                                                },
                                                                {
                                                                    "__typename": "PriceLocation",
                                                                    "in_assortment": true,
                                                                    "store_id": 552
                                                                },
                                                                {
                                                                    "__typename": "PriceLocation",
                                                                    "in_assortment": true,
                                                                    "store_id": 653
                                                                },
                                                                {
                                                                    "__typename": "PriceLocation",
                                                                    "in_assortment": true,
                                                                    "store_id": 747
                                                                }
                                                            ]
                                                        },
                                                        {
                                                            "alcoholRestricted": false,
                                                            "baseImageUrl": "https://images.heb.com/is/image/HEBGrocery/005977543-1",
                                                            "title": "Lucy Glo Apple",
                                                            "description": "The Lucy\u0026trade; Glo is a tasty and tart apple with a hint of sweetness. It has a blushing gold skin and is naturally red on the inside. Lucy\u0026trade; Glo Apples are tasty in salads, eaten fresh as a snack, or try juicing them for a vibrant pink beverage!",
                                                            "minimumQuantity": 1,
                                                            "maximumQuantity": 20,
                                                            "orderIncrement": 1,
                                                            "soldBy": "EAWT",
                                                            "amount": 2.38,
                                                            "price": "$2.38",
                                                            "listPrice": "$2.38",
                                                            "priceUom": "ea",
                                                            "isOnSale": false,
                                                            "savings": null,
                                                            "eawtDetails": {
                                                                "averageWeight": 0.6,
                                                                "uom": "lb",
                                                                "price": "$3.98",
                                                                "amount": 3.98
                                                            },
                                                            "categoryPath": [
                                                                {
                                                                    "id": "483475",
                                                                    "name": "Fruits \u0026 Vegetables",
                                                                    "nameSlug": null,
                                                                    "idPath": null
                                                                },
                                                                {
                                                                    "id": "483627",
                                                                    "name": "Fruit",
                                                                    "nameSlug": null,
                                                                    "idPath": null
                                                                },
                                                                {
                                                                    "id": "483629",
                                                                    "name": "Apples",
                                                                    "nameSlug": null,
                                                                    "idPath": null
                                                                }
                                                            ],
                                                            "nutrifactsUrl": null,
                                                            "productId": "5977543",
                                                            "categoryIdPath": "483475.483627.483629",
                                                            "isAvailable": true,
                                                            "isSnapEligible": null,
                                                            "restrictions": null,
                                                            "brand": null,
                                                            "ownBrand": false,
                                                            "position": 55,
                                                            "categories": [
                                                                {
                                                                    "id": null,
                                                                    "name": null,
                                                                    "idPath": null
                                                                },
                                                                {
                                                                    "id": null,
                                                                    "name": null,
                                                                    "idPath": null
                                                                },
                                                                {
                                                                    "id": null,
                                                                    "name": null,
                                                                    "idPath": null
                                                                }
                                                            ],
                                                            "onEvent": null,
                                                            "preferences": null,
                                                            "productPresentation": null,
                                                            "presentationComponent": null,
                                                            "productComponents": [
                                                            ],
                                                            "presentationPriceRange": null,
                                                            "new": false,
                                                            "on_ad": false,
                                                            "productBadge": null,
                                                            "price_locations": [
                                                                {
                                                                    "__typename": "PriceLocation",
                                                                    "in_assortment": true,
                                                                    "store_id": 55
                                                                },
                                                                {
                                                                    "__typename": "PriceLocation",
                                                                    "in_assortment": true,
                                                                    "store_id": 61
                                                                },
                                                                {
                                                                    "__typename": "PriceLocation",
                                                                    "in_assortment": false,
                                                                    "store_id": 191
                                                                },
                                                                {
                                                                    "__typename": "PriceLocation",
                                                                    "in_assortment": false,
                                                                    "store_id": 420
                                                                },
                                                                {
                                                                    "__typename": "PriceLocation",
                                                                    "in_assortment": true,
                                                                    "store_id": 491
                                                                },
                                                                {
                                                                    "__typename": "PriceLocation",
                                                                    "in_assortment": true,
                                                                    "store_id": 545
                                                                },
                                                                {
                                                                    "__typename": "PriceLocation",
                                                                    "in_assortment": true,
                                                                    "store_id": 546
                                                                },
                                                                {
                                                                    "__typename": "PriceLocation",
                                                                    "in_assortment": true,
                                                                    "store_id": 552
                                                                },
                                                                {
                                                                    "__typename": "PriceLocation",
                                                                    "in_assortment": false,
                                                                    "store_id": 653
                                                                },
                                                                {
                                                                    "__typename": "PriceLocation",
                                                                    "in_assortment": false,
                                                                    "store_id": 747
                                                                }
                                                            ]
                                                        },
                                                        {
                                                            "alcoholRestricted": false,
                                                            "baseImageUrl": "https://images.heb.com/is/image/HEBGrocery/000321167-1",
                                                            "title": "Fresh Cherimoya",
                                                            "description": "Cherimoya, a.k.a Custard Apple, is a creamy soft fruit that surrounds hard black seeds. The skin is inedible, but easily separates from the flesh once cut. The flavor is tropical and mild with a hint of vanilla and banana. Great eaten as is or blended in a smoothy.",
                                                            "minimumQuantity": 1,
                                                            "maximumQuantity": 20,
                                                            "orderIncrement": 1,
                                                            "soldBy": "EAWT",
                                                            "amount": 13.17,
                                                            "price": "$13.17",
                                                            "listPrice": "$13.17",
                                                            "priceUom": "ea",
                                                            "isOnSale": false,
                                                            "savings": null,
                                                            "eawtDetails": {
                                                                "averageWeight": 1.1,
                                                                "uom": "lb",
                                                                "price": "$11.98",
                                                                "amount": 11.98
                                                            },
                                                            "categoryPath": [
                                                                {
                                                                    "id": "483475",
                                                                    "name": "Fruits \u0026 Vegetables",
                                                                    "nameSlug": null,
                                                                    "idPath": null
                                                                },
                                                                {
                                                                    "id": "483627",
                                                                    "name": "Fruit",
                                                                    "nameSlug": null,
                                                                    "idPath": null
                                                                },
                                                                {
                                                                    "id": "1179951",
                                                                    "name": "Tropical \u0026 Specialty",
                                                                    "nameSlug": null,
                                                                    "idPath": null
                                                                }
                                                            ],
                                                            "nutrifactsUrl": "https://services.centralmarket.com/cm-catalog/catalog/v1/nutrifacts/321167",
                                                            "productId": "321167",
                                                            "categoryIdPath": "483475.483627.1179951",
                                                            "isAvailable": false,
                                                            "isSnapEligible": null,
                                                            "restrictions": null,
                                                            "brand": null,
                                                            "ownBrand": false,
                                                            "position": 56,
                                                            "categories": [
                                                                {
                                                                    "id": null,
                                                                    "name": null,
                                                                    "idPath": null
                                                                },
                                                                {
                                                                    "id": null,
                                                                    "name": null,
                                                                    "idPath": null
                                                                },
                                                                {
                                                                    "id": null,
                                                                    "name": null,
                                                                    "idPath": null
                                                                }
                                                            ],
                                                            "onEvent": null,
                                                            "preferences": null,
                                                            "productPresentation": null,
                                                            "presentationComponent": null,
                                                            "productComponents": [
                                                            ],
                                                            "presentationPriceRange": null,
                                                            "new": false,
                                                            "on_ad": false,
                                                            "productBadge": null,
                                                            "price_locations": [
                                                                {
                                                                    "__typename": "PriceLocation",
                                                                    "in_assortment": true,
                                                                    "store_id": 55
                                                                },
                                                                {
                                                                    "__typename": "PriceLocation",
                                                                    "in_assortment": true,
                                                                    "store_id": 61
                                                                },
                                                                {
                                                                    "__typename": "PriceLocation",
                                                                    "in_assortment": true,
                                                                    "store_id": 191
                                                                },
                                                                {
                                                                    "__typename": "PriceLocation",
                                                                    "in_assortment": true,
                                                                    "store_id": 420
                                                                },
                                                                {
                                                                    "__typename": "PriceLocation",
                                                                    "in_assortment": true,
                                                                    "store_id": 491
                                                                },
                                                                {
                                                                    "__typename": "PriceLocation",
                                                                    "in_assortment": true,
                                                                    "store_id": 545
                                                                },
                                                                {
                                                                    "__typename": "PriceLocation",
                                                                    "in_assortment": true,
                                                                    "store_id": 546
                                                                },
                                                                {
                                                                    "__typename": "PriceLocation",
                                                                    "in_assortment": true,
                                                                    "store_id": 552
                                                                },
                                                                {
                                                                    "__typename": "PriceLocation",
                                                                    "in_assortment": true,
                                                                    "store_id": 653
                                                                },
                                                                {
                                                                    "__typename": "PriceLocation",
                                                                    "in_assortment": false,
                                                                    "store_id": 747
                                                                }
                                                            ]
                                                        },
                                                        {
                                                            "alcoholRestricted": false,
                                                            "baseImageUrl": "https://images.heb.com/is/image/HEBGrocery/001569602-1",
                                                            "title": "Central Market Prepless Assorted Berries, 27 oz",
                                                            "description": "Berry tasty. A mix of strawberries, blueberries, blackberries, and raspberries ready for packing and snacking.",
                                                            "minimumQuantity": 1,
                                                            "maximumQuantity": 20,
                                                            "orderIncrement": 1,
                                                            "soldBy": "EACH",
                                                            "amount": 15.99,
                                                            "price": "$15.99",
                                                            "listPrice": "$15.99",
                                                            "priceUom": "ea",
                                                            "isOnSale": false,
                                                            "savings": null,
                                                            "eawtDetails": null,
                                                            "categoryPath": [
                                                                {
                                                                    "id": "483475",
                                                                    "name": "Fruits \u0026 Vegetables",
                                                                    "nameSlug": null,
                                                                    "idPath": null
                                                                },
                                                                {
                                                                    "id": "483627",
                                                                    "name": "Fruit",
                                                                    "nameSlug": null,
                                                                    "idPath": null
                                                                },
                                                                {
                                                                    "id": "1179949",
                                                                    "name": "Pre-Cut",
                                                                    "nameSlug": null,
                                                                    "idPath": null
                                                                }
                                                            ],
                                                            "nutrifactsUrl": "https://services.centralmarket.com/cm-catalog/catalog/v1/nutrifacts/1569602",
                                                            "productId": "1569602",
                                                            "categoryIdPath": "483475.483627.1179949",
                                                            "isAvailable": true,
                                                            "isSnapEligible": null,
                                                            "restrictions": null,
                                                            "brand": null,
                                                            "ownBrand": false,
                                                            "position": 57,
                                                            "categories": [
                                                                {
                                                                    "id": null,
                                                                    "name": null,
                                                                    "idPath": null
                                                                },
                                                                {
                                                                    "id": null,
                                                                    "name": null,
                                                                    "idPath": null
                                                                },
                                                                {
                                                                    "id": null,
                                                                    "name": null,
                                                                    "idPath": null
                                                                }
                                                            ],
                                                            "onEvent": null,
                                                            "preferences": null,
                                                            "productPresentation": null,
                                                            "presentationComponent": null,
                                                            "productComponents": [
                                                            ],
                                                            "presentationPriceRange": null,
                                                            "new": false,
                                                            "on_ad": false,
                                                            "productBadge": null,
                                                            "price_locations": [
                                                                {
                                                                    "__typename": "PriceLocation",
                                                                    "in_assortment": true,
                                                                    "store_id": 55
                                                                },
                                                                {
                                                                    "__typename": "PriceLocation",
                                                                    "in_assortment": true,
                                                                    "store_id": 61
                                                                },
                                                                {
                                                                    "__typename": "PriceLocation",
                                                                    "in_assortment": true,
                                                                    "store_id": 191
                                                                },
                                                                {
                                                                    "__typename": "PriceLocation",
                                                                    "in_assortment": true,
                                                                    "store_id": 420
                                                                },
                                                                {
                                                                    "__typename": "PriceLocation",
                                                                    "in_assortment": true,
                                                                    "store_id": 491
                                                                },
                                                                {
                                                                    "__typename": "PriceLocation",
                                                                    "in_assortment": true,
                                                                    "store_id": 545
                                                                },
                                                                {
                                                                    "__typename": "PriceLocation",
                                                                    "in_assortment": true,
                                                                    "store_id": 546
                                                                },
                                                                {
                                                                    "__typename": "PriceLocation",
                                                                    "in_assortment": true,
                                                                    "store_id": 552
                                                                },
                                                                {
                                                                    "__typename": "PriceLocation",
                                                                    "in_assortment": true,
                                                                    "store_id": 653
                                                                },
                                                                {
                                                                    "__typename": "PriceLocation",
                                                                    "in_assortment": true,
                                                                    "store_id": 747
                                                                }
                                                            ]
                                                        },
                                                        {
                                                            "alcoholRestricted": false,
                                                            "baseImageUrl": "https://images.heb.com/is/image/HEBGrocery/001123569-1",
                                                            "title": "Pink Pearl Apples",
                                                            "description": "Medium in size it is prized most for its delicate flesh, which is vivid pink to red in color. Highly aromatic the Pink Pearl has a balanced sweet-tart flavor with nuances of raspberries and grapefruit.",
                                                            "minimumQuantity": 1,
                                                            "maximumQuantity": 20,
                                                            "orderIncrement": 1,
                                                            "soldBy": "EAWT",
                                                            "amount": 3.49,
                                                            "price": "$3.49",
                                                            "listPrice": "$3.49",
                                                            "priceUom": "ea",
                                                            "isOnSale": false,
                                                            "savings": null,
                                                            "eawtDetails": {
                                                                "averageWeight": 0.5,
                                                                "uom": "lb",
                                                                "price": "$6.99",
                                                                "amount": 6.99
                                                            },
                                                            "categoryPath": [
                                                                {
                                                                    "id": "483475",
                                                                    "name": "Fruits \u0026 Vegetables",
                                                                    "nameSlug": null,
                                                                    "idPath": null
                                                                },
                                                                {
                                                                    "id": "483627",
                                                                    "name": "Fruit",
                                                                    "nameSlug": null,
                                                                    "idPath": null
                                                                },
                                                                {
                                                                    "id": "483629",
                                                                    "name": "Apples",
                                                                    "nameSlug": null,
                                                                    "idPath": null
                                                                }
                                                            ],
                                                            "nutrifactsUrl": null,
                                                            "productId": "1123569",
                                                            "categoryIdPath": "483475.483627.483629",
                                                            "isAvailable": true,
                                                            "isSnapEligible": null,
                                                            "restrictions": null,
                                                            "brand": null,
                                                            "ownBrand": false,
                                                            "position": 58,
                                                            "categories": [
                                                                {
                                                                    "id": null,
                                                                    "name": null,
                                                                    "idPath": null
                                                                },
                                                                {
                                                                    "id": null,
                                                                    "name": null,
                                                                    "idPath": null
                                                                },
                                                                {
                                                                    "id": null,
                                                                    "name": null,
                                                                    "idPath": null
                                                                }
                                                            ],
                                                            "onEvent": null,
                                                            "preferences": null,
                                                            "productPresentation": null,
                                                            "presentationComponent": null,
                                                            "productComponents": [
                                                            ],
                                                            "presentationPriceRange": null,
                                                            "new": false,
                                                            "on_ad": false,
                                                            "productBadge": null,
                                                            "price_locations": [
                                                                {
                                                                    "__typename": "PriceLocation",
                                                                    "in_assortment": true,
                                                                    "store_id": 55
                                                                },
                                                                {
                                                                    "__typename": "PriceLocation",
                                                                    "in_assortment": true,
                                                                    "store_id": 61
                                                                },
                                                                {
                                                                    "__typename": "PriceLocation",
                                                                    "in_assortment": false,
                                                                    "store_id": 191
                                                                },
                                                                {
                                                                    "__typename": "PriceLocation",
                                                                    "in_assortment": true,
                                                                    "store_id": 420
                                                                },
                                                                {
                                                                    "__typename": "PriceLocation",
                                                                    "in_assortment": true,
                                                                    "store_id": 491
                                                                },
                                                                {
                                                                    "__typename": "PriceLocation",
                                                                    "in_assortment": true,
                                                                    "store_id": 545
                                                                },
                                                                {
                                                                    "__typename": "PriceLocation",
                                                                    "in_assortment": true,
                                                                    "store_id": 546
                                                                },
                                                                {
                                                                    "__typename": "PriceLocation",
                                                                    "in_assortment": false,
                                                                    "store_id": 552
                                                                },
                                                                {
                                                                    "__typename": "PriceLocation",
                                                                    "in_assortment": false,
                                                                    "store_id": 653
                                                                },
                                                                {
                                                                    "__typename": "PriceLocation",
                                                                    "in_assortment": false,
                                                                    "store_id": 747
                                                                }
                                                            ]
                                                        },
                                                        {
                                                            "alcoholRestricted": false,
                                                            "baseImageUrl": "https://images.heb.com/is/image/HEBGrocery/000320229-1",
                                                            "title": "Fresh Organic White Seedless Grapes",
                                                            "description": "Light and crisp, white grapes are sweet with a hint of tartness. Eat them raw or use to make a delicious jam or jelly. White grapes pair wonderfully with cheese, they are the perfect addition to a charcuterie board. Freeze them to enjoy as a refreshing snack on a warm day!",
                                                            "minimumQuantity": 1,
                                                            "maximumQuantity": 20,
                                                            "orderIncrement": 1,
                                                            "soldBy": "EAWT",
                                                            "amount": 7.16,
                                                            "price": "$7.16",
                                                            "listPrice": "$7.16",
                                                            "priceUom": "ea",
                                                            "isOnSale": false,
                                                            "savings": null,
                                                            "eawtDetails": {
                                                                "averageWeight": 1.8,
                                                                "uom": "lb",
                                                                "price": "$3.98",
                                                                "amount": 3.98
                                                            },
                                                            "categoryPath": [
                                                                {
                                                                    "id": "483475",
                                                                    "name": "Fruits \u0026 Vegetables",
                                                                    "nameSlug": null,
                                                                    "idPath": null
                                                                },
                                                                {
                                                                    "id": "483627",
                                                                    "name": "Fruit",
                                                                    "nameSlug": null,
                                                                    "idPath": null
                                                                },
                                                                {
                                                                    "id": "483633",
                                                                    "name": "Grapes",
                                                                    "nameSlug": null,
                                                                    "idPath": null
                                                                }
                                                            ],
                                                            "nutrifactsUrl": null,
                                                            "productId": "320229",
                                                            "categoryIdPath": "483475.483627.483633",
                                                            "isAvailable": false,
                                                            "isSnapEligible": null,
                                                            "restrictions": null,
                                                            "brand": null,
                                                            "ownBrand": false,
                                                            "position": 59,
                                                            "categories": [
                                                                {
                                                                    "id": null,
                                                                    "name": null,
                                                                    "idPath": null
                                                                },
                                                                {
                                                                    "id": null,
                                                                    "name": null,
                                                                    "idPath": null
                                                                },
                                                                {
                                                                    "id": null,
                                                                    "name": null,
                                                                    "idPath": null
                                                                }
                                                            ],
                                                            "onEvent": null,
                                                            "preferences": null,
                                                            "productPresentation": null,
                                                            "presentationComponent": null,
                                                            "productComponents": [
                                                            ],
                                                            "presentationPriceRange": null,
                                                            "new": false,
                                                            "on_ad": false,
                                                            "productBadge": null,
                                                            "price_locations": [
                                                                {
                                                                    "__typename": "PriceLocation",
                                                                    "in_assortment": true,
                                                                    "store_id": 55
                                                                },
                                                                {
                                                                    "__typename": "PriceLocation",
                                                                    "in_assortment": true,
                                                                    "store_id": 61
                                                                },
                                                                {
                                                                    "__typename": "PriceLocation",
                                                                    "in_assortment": false,
                                                                    "store_id": 191
                                                                },
                                                                {
                                                                    "__typename": "PriceLocation",
                                                                    "in_assortment": true,
                                                                    "store_id": 420
                                                                },
                                                                {
                                                                    "__typename": "PriceLocation",
                                                                    "in_assortment": true,
                                                                    "store_id": 491
                                                                },
                                                                {
                                                                    "__typename": "PriceLocation",
                                                                    "in_assortment": false,
                                                                    "store_id": 545
                                                                },
                                                                {
                                                                    "__typename": "PriceLocation",
                                                                    "in_assortment": true,
                                                                    "store_id": 546
                                                                },
                                                                {
                                                                    "__typename": "PriceLocation",
                                                                    "in_assortment": true,
                                                                    "store_id": 552
                                                                },
                                                                {
                                                                    "__typename": "PriceLocation",
                                                                    "in_assortment": true,
                                                                    "store_id": 653
                                                                },
                                                                {
                                                                    "__typename": "PriceLocation",
                                                                    "in_assortment": true,
                                                                    "store_id": 747
                                                                }
                                                            ]
                                                        }
                                                    ],
                                                    "resultCount": 265
                                                }
                                            ],
                                            "pageParams": [
                                            ]
                                        },
                                        "dataUpdateCount": 2,
                                        "dataUpdatedAt": 1764458553374,
                                        "error": null,
                                        "errorUpdateCount": 0,
                                        "errorUpdatedAt": 0,
                                        "fetchFailureCount": 0,
                                        "fetchFailureReason": null,
                                        "fetchMeta": null,
                                        "isInvalidated": false,
                                        "status": "success",
                                        "fetchStatus": "idle"
                                    },
                                    "queryKey": [
                                        "infiniteProductBrowse",
                                        "483475.483627",
                                        61
                                    ],
                                    "queryHash": "[\"infiniteProductBrowse\",\"483475.483627\",61]"
                                }
                            ]
                        },
                        "uid": "10182a1545846e96fec8c46652731662"
                    },
                    "clientIP": "107.193.220.16",
                    "__N_SSP": true
                },
                "page": "/product-category/[...category]",
                "query": {
                    "category": [
                        "fresh-produce",
                        "fruit",
                        "483475.483627"
                    ]
                },
                "buildId": "iszzoEIOGz6sDkjNlNBde",
                "runtimeConfig": {
                    "NEXT_PUBLIC_IN_STORE_ENABLED": "true",
                    "NEXT_PUBLIC_CONTENTFUL_CROSS_BRAND_NAME": "CentralMarket",
                    "NEXT_PUBLIC_CONTENTFUL_CROSS_BRAND_FLAG_ENV": "CM - Prod",
                    "NEXT_PUBLIC_CONTENTFUL_CROSS_BRAND_TOKEN": "FkC41GBwjJnW2a2oRqDASm12qPm5em6w9jwPq2SKYQQ",
                    "NEXT_PUBLIC_CONTENTFUL_CROSS_BRAND_GRAPHQL_ENVIRONMENT": "master",
                    "NEXT_PUBLIC_CONTENTFUL_CROSS_BRAND_URL": "https://graphql.contentful.com/content/v1/spaces/2mruwfmhd2hk/environments",
                    "NEXT_PUBLIC_CM_GRAPHQL_URL": "https://services.centralmarket.com/cm-graphql-service/",
                    "NEXT_PUBLIC_GRAPHQL_URL": "https://services.centralmarket.com/cm-graphql-service/",
                    "NEXT_PUBLIC_CONTENTFUL_URL": "https://graphql.contentful.com/content/v1/spaces/nh7msa7pcdvp/environments",
                    "NEXT_PUBLIC_CONTENTFUL_HOST": "cdn.contentful.com",
                    "NEXT_PUBLIC_CONTENTFUL_PREVIEW": "false",
                    "NEXT_PUBLIC_DATADOG_CLIENT_TOKEN": "pub162b6134809ee54387bb0ad4287855e1",
                    "NEXT_PUBLIC_DATADOG_ENV": "prod",
                    "NEXT_PUBLIC_DATADOG_SERVICE": "central-market-front-end",
                    "NEXT_PUBLIC_DATADOG_RUM_APPLICATION_ID": "74e98cd3-a522-48b5-90eb-209a9ab1dd53",
                    "NEXT_PUBLIC_DATADOG_RUM_CLIENT_TOKEN": "pub18d8cdbb93ad96448098227850d86e31",
                    "NEXT_PUBLIC_DATADOG_RUM_SERVICE": "cm-web-client",
                    "NEXT_PUBLIC_DATADOG_RUM_ALLOWED_TRACING_URLS": "https://www.centralmarket.com",
                    "NEXT_PUBLIC_DELIVERY_ENABLED": "true",
                    "NEXT_PUBLIC_HEB_DIGITAL_URL": "https://api-edge.heb-ecom-api.hebdigital-prd.com/graphql",
                    "NEXT_PUBLIC_HPG_API_KEY_PUBLIC": "l77372116994ed4303ac0507e78a0a7d22",
                    "NEXT_PUBLIC_HPG_APP_ID": "CM",
                    "NEXT_PUBLIC_HPG_APP_CORRELATION_ID": "5504312003400433615",
                    "NEXT_PUBLIC_HPG_IFRAME_BASE": "https://hpg.heb.com",
                    "NEXT_PUBLIC_GOOGLE_API_KEY": "AIzaSyBV3vMuKu46TiSzKmaIxcMm7y2fCybzuro",
                    "NEXT_PUBLIC_MERCHANT_ID": "2816",
                    "NEXT_PUBLIC_CONTENTFUL_GRAPHQL_ENVIRONMENT": "master",
                    "CONTENTFUL_CROSS_BRAND_URL": "https://graphql.contentful.com/content/v1/spaces/2mruwfmhd2hk/environments",
                    "CONTENTFUL_CROSS_BRAND_GRAPHQL_ENVIRONMENT": "master",
                    "CONTENTFUL_CROSS_BRAND_NAME": "CentralMarket",
                    "CONTENTFUL_CROSS_BRAND_TOKEN": "FkC41GBwjJnW2a2oRqDASm12qPm5em6w9jwPq2SKYQQ",
                    "CONTENTFUL_CROSS_BRAND_SPACE_ID": "2mruwfmhd2hk",
                    "CONTENTFUL_CROSS_BRAND_FLAG_ENV": "prod",
                    "GOOGLE_RECAPTCHA_SITE_KEY": "6LfezkAdAAAAAJJiXsPxkHuElofOgHI81u18Su3u",
                    "GOOGLE_PROJECT_ID": "heb-cm-prd1",
                    "CONTENTFUL_DEEPLINK_ENTRY": "1vzqJYlU28ZsAkCRaHR8NJ",
                    "ADD_ON_ENABLED": "true",
                    "SHOP_THIS_STORE_ENABLED": "true",
                    "TALK_TO_US_ENABLED": "true",
                    "FLIPP_IFRAME_ENABLED": "false",
                    "POSTS_ENABLED": "true",
                    "WEEKLY_SAVOR_ENABLED": "true",
                    "SNAP_EBT_ENABLED": "true",
                    "IN_STORE_ENABLED": "true",
                    "ALLOW_WEB_CRAWLERS": "true",
                    "CONFIRM_STORE_MODAL_ENABLED": "true",
                    "ACCEPT_REJECT_SUBS_ENABLED": "true",
                    "WINE_CLUB_EMAIL_SIGNUP_ENABLED": "true",
                    "SNAP_EBT_BALANCE_INQUIRY_ENABLED": "false",
                    "APP_ROUTER_MIGRATION_ENABLED": "false",
                    "DEFAULT_ENABLED_FLAGS": "tdpsaPrivacyChoices,giftCards",
                    "INCLUDE_OUT_OF_STOCK": "true"
                },
                "isFallback": false,
                "gssp": true,
                "appGip": true,
                "scriptLoader": [
                ]
            }</script>
    </body>
</html>
